2348 4102
151 381 215 445 108
473 355 822 436 nursnonrnosnort

150 535 283 599 Festinat
297 550 411 598 vestes:
432 534 494 618 jam
510 555 593 617 quas,
608 533 658 593 ubi
673 531 785 593 venerit
799 531 859 605 ille,

148 632 218 715 Ipsa
232 646 330 713 gerat:
354 632 522 712 reditusque
537 630 590 691 sibi
607 628 748 710 promittit
762 627 872 687 inanes.
916 645 919 648 ·

149 728 295 796 Omnibus
310 728 359 789 illa
374 727 494 810 quidem
509 726 624 807 superis
639 725 688 806 pia
703 724 788 784 thura
802 721 931 783 serebat:

82 823 84 827 ’
149 825 231 886 Ante
245 839 345 886 tamen
359 837 481 886 cunctos
496 823 622 883 Junonis
634 821 744 902 templa
755 820 888 881 colebat:

149 920 269 1003 Proque
284 921 357 997 viro,
374 921 424 1002 qui
438 920 535 991 nuilus
551 931 622 993 erat,
639 916 776 977 veniebat
792 916 829 977 ad
843 935 917 976 aras.

145 1015 251 1098 thue
266 1016 340 1078 foret
355 1036 457 1097 sospes
469 1015 580 1097 conjux
595 1033 674 1087 suus,
686 1026 777 1094 utque
792 1011 910 1088 rediret,
927 1052 930 1058 -

149 1112 300 1194 Optabat3
322 1112 492 1194 nuilamque
507 1109 560 1171 sibi
577 1107 734 1191 praeferret.
779 1107 878 1169 Atilii

149 1206 218 1270 Hoc
234 1209 271 1269 de
284 1221 331 1269 ⁴tot
345 1208 420 1268 roris
435 1219 550 1288 poterat
563 1206 733 1290 contingere
749 1205 855 1265 solum.

154 1360 158 1367 .
191 1303 234 1364 At
249 1303 306 1364 dea
320 1323 377 1363 non
394 1303 470 1362 ultra
484 1322 537 1383 pro
551 1300 652 1362 functo
666 1314 760 1361 morte
775 1301 869 1380 rogari

149 1396 298 1473 Sustinet3
317 1412 411 1481 utque
426 1418 530 1459 manus
545 1395 674 1458 funestas
689 1410 787 1458 arceat
801 1396 874 1473 aria3

145 1493 217 1571 ¹111,
232 1495 326 1570 meae,'
344 1494 428 1569 dixit,
444 1494 600 1557 ‘fidissima
613 1493 721 1554 nuncia
735 1493 826 1569 vocis,

149 1588 222 1652 Vise
231 1590 426 1674 soporiferam
442 1590 546 1652 Somni
561 1589 702 1652 velociter
716 1588 830 1651 ardam:

148 1682 355 1770 Exstinctique
366 1688 439 1771 jube
454 1687 568 1768 Ceycis
582 1688 708 1767 imagine
723 1686 819 1746 mittat

148 1781 269 1844 Somnia
283 1784 320 1844 ad
333 1782 524 1864 :Halcyonem
540 1802 624 1843 varos
639 1781 784 1843 narrantia
798 1780 906 1844 casus!

147 1877 285 1940 Dixerat.
330 1878 464 1941 induitur
477 1879 625 1940 uelamina
639 1877 719 1940 mille
734 1878 867 1940 colorum
898 1925 908 1932 -

143 1973 211 2053 bris,
227 1988 257 2037 et
272 1990 393 2059 arquato
407 1976 518 2038 ooelum
533 1975 703 2037 curvamine
718 1975 835 2055 signans

146 2071 244 2133 Tecta
258 2073 331 2154 petit
342 2073 415 2155 jussi
430 2072 485 2133 sub
499 2093 572 2152 rupe
588 2072 707 2133 latentia
721 2070 808 2150 regis.

188 2166 246 2228 Est
259 2165 546 2249 prope-Cimmerios
561 2167 650 2246 longo
664 2167 807 2247 spelunca
822 2187 950 2245 recessu,

146 2260 236 2322 Mons
251 2282 351 2336 cavus,
367 2261 464 2341 ignavi
480 2260 584 2321 domus
599 2274 630 2322 et
643 2262 804 2343 penetralia
819 2262 941 2325 Somni:

146 2356 220 2429 Quo
234 2378 385 2440 nunquam
399 2356 486 2419 radiis
501 2357 608 2435 oriens,
624 2359 788 2435 mediusve,
803 2359 951 2421 cadensve

141 2451 280 2516 'Phoebus
295 2454 375 2516 adire
390 2467 498 2538 potest.
544 2453 668 2516 Nebula
683 2455 806 2536 caligine
822 2455 922 2517 mixtae
941 2509 943 2514 .

145 2549 332 2615 Exhalantur
345 2553 447 2626 burno,
462 2550 615 2632 dubieque
629 2552 803 2632 crepuscula
814 2552 897 2614 lucis.

146 2644 215 2706 Non
232 2647 300 2725 vigil
316 2646 375 2706 ales
385 2647 429 2706 ibi
444 2647 552 2707 cristati
566 2647 699 2708 cantibus
713 2647 770 2709 oris

146 2735 261 2801 Evocat
275 2741 438 2801 biuroram:
462 2761 518 2801 nec
530 2762 603 2802 voce
618 2742 733 2803 silentia
746 2758 887 2827 rumpunt

145 2835 419 2914 SollicitiveoaneS,
434 2836 593 2900 canibusve
608 2840 739 2919 sagacior
754 2863 849 2902 anser.

70 2979 82 2998 .
141 2931 213 2995 Non
230 2933 300 3011 sera,
316 2957 374 2997 non
386 2936 533 3018 pecudes,
547 2958 606 2998 non
621 2937 692 2998 moti
708 2937 826 2999 flamine
841 2938 924 3014 rami,

145 3028 330 3092 Humanaeve
343 3053 449 3094 sonum
464 3034 590 3095 reddunt
605 3034 737 3095 convicia
751 3034 866 3115 lingue.

146 3122 234 3186 Muta
248 3128 330 3208 quies
347 3128 467 3189 habitat.
513 3129 594 3191 Saxo
609 3144 708 3192 tamen
723 3132 785 3192 exit
801 3131 837 3192 ab
852 3132 913 3193 imo

145 3219 240 3283 Rivus
256 3245 337 3306 aque
353 3222 483 3285 Lethes:
507 3247 561 3307 per
575 3246 664 3307 quem
679 3248 748 3290 cum
763 3249 912 3290 murmure
926 3227 1030 3292 labeus
1057 3231 1119 3293 240

145 3317 252 3381 invitat
268 3341 385 3382 somnos
399 3322 608 3403 crepitantibus
623 3324 701 3385 unda
717 3319 832 3406 lapillis.

139 3414 226 3477 ante
242 3416 317 3480 sores
332 3418 405 3479 antri
421 3416 560 3480 soecunda
573 3439 722 3502 papavera
731 3421 853 3497 dorent,
