<?xml version="1.0" encoding="UTF-8"?>
<!DOCTYPE html PUBLIC "-//W3C//DTD XHTML 1.0 Transitional//EN"
    "http://www.w3.org/TR/xhtml1/DTD/xhtml1-transitional.dtd">
<html xmlns="http://www.w3.org/1999/xhtml" xml:lang="en" lang="en">
 <head>
  <title>
</title>
<meta http-equiv="Content-Type" content="text/html;charset=utf-8" />
  <meta name='ocr-system' content='tesseract 3.04.00' />
  <meta name='ocr-capabilities' content='ocr_page ocr_carea ocr_par ocr_line ocrx_word'/>
</head>
<body>
  <div class='ocr_page' id='page_1' title='image "./excerptaexscrip00goulgoog_0037.png"; bbox 0 0 2348 4102; ppageno 0'>
   <div class='ocr_carea' id='block_1_1' title="bbox 136 356 799 417">
    <p class='ocr_par' dir='ltr' id='par_1_1' title="bbox 136 356 799 417">
     <span class='ocr_line' id='line_1_1' title="bbox 136 356 799 417; baseline -0.009 0"><span class='ocrx_word' id='word_1_1' title='bbox 136 356 179 417; x_wconf 73' lang='lat'>24</span> <span class='ocrx_word' id='word_1_2' title='bbox 450 361 799 413; x_wconf 79' lang='lat' dir='ltr'>METAMORPHOSEON</span> 
     </span>
    </p>
   </div>
   <div class='ocr_carea' id='block_1_2' title="bbox 68 507 1122 3566">
    <p class='ocr_par' dir='ltr' id='par_1_2' title="bbox 136 507 1122 1166">
     <span class='ocr_line' id='line_1_2' title="bbox 137 507 923 592; baseline 0 -21"><span class='ocrx_word' id='word_1_3' title='bbox 137 508 207 571; x_wconf 89' lang='lat' dir='ltr'>Non</span> <span class='ocrx_word' id='word_1_4' title='bbox 222 522 321 570; x_wconf 88' lang='lat' dir='ltr'>tamen</span> <span class='ocrx_word' id='word_1_5' title='bbox 337 507 459 589; x_wconf 89' lang='lat' dir='ltr'>ignifero</span> <span class='ocrx_word' id='word_1_6' title='bbox 475 510 630 592; x_wconf 88' lang='lat' dir='ltr'>quisquam</span> <span class='ocrx_word' id='word_1_7' title='bbox 645 511 804 571; x_wconf 86' lang='lat' dir='ltr'><strong>consistere</strong></span> <span class='ocrx_word' id='word_1_8' title='bbox 820 510 850 570; x_wconf 88' lang='lat' dir='ltr'>in</span> <span class='ocrx_word' id='word_1_9' title='bbox 865 529 923 571; x_wconf 83' lang='lat' dir='ltr'>axe</span> 
     </span>
     <span class='ocr_line' id='line_1_3' title="bbox 136 603 973 688; baseline 0.001 -22"><span class='ocrx_word' id='word_1_10' title='bbox 136 603 191 666; x_wconf 85' lang='lat' dir='ltr'>Me</span> <span class='ocrx_word' id='word_1_11' title='bbox 208 606 287 666; x_wconf 88' lang='lat' dir='ltr'>valet</span> <span class='ocrx_word' id='word_1_12' title='bbox 301 618 442 686; x_wconf 86' lang='lat' dir='ltr'>excepto.</span> <span class='ocrx_word' id='word_1_13' title='bbox 489 604 575 666; x_wconf 81' lang='lat' dir='ltr'><strong>Vasti</strong></span> <span class='ocrx_word' id='word_1_14' title='bbox 591 627 709 687; x_wconf 91' lang='lat' dir='ltr'>quoque</span> <span class='ocrx_word' id='word_1_15' title='bbox 724 619 821 667; x_wconf 91' lang='lat' dir='ltr'>rector</span> <span class='ocrx_word' id='word_1_16' title='bbox 835 605 973 688; x_wconf 88' lang='lat' dir='ltr'>Olympi,</span> 
     </span>
     <span class='ocr_line' id='line_1_4' title="bbox 136 699 1122 782; baseline 0.001 -22"><span class='ocrx_word' id='word_1_17' title='bbox 136 699 201 773; x_wconf 86' lang='lat' dir='ltr'>Qui</span> <span class='ocrx_word' id='word_1_18' title='bbox 217 700 279 761; x_wconf 90' lang='lat' dir='ltr'>sera</span> <span class='ocrx_word' id='word_1_19' title='bbox 293 701 412 762; x_wconf 85' lang='lat' dir='ltr'>terribili</span> <span class='ocrx_word' id='word_1_20' title='bbox 424 700 570 782; x_wconf 88' lang='lat' dir='ltr'>jaculatur</span> <span class='ocrx_word' id='word_1_21' title='bbox 585 701 707 761; x_wconf 82' lang='lat' dir='ltr'>fulmina</span> <span class='ocrx_word' id='word_1_22' title='bbox 721 701 839 776; x_wconf 68' lang='lat' dir='ltr'>dextra,</span> <span class='ocrx_word' id='word_1_23' title='bbox 1079 706 1122 770; x_wconf 84' lang='lat'>60</span> 
     </span>
     <span class='ocr_line' id='line_1_5' title="bbox 136 793 1019 878; baseline 0.005 -21"><span class='ocrx_word' id='word_1_24' title='bbox 136 793 206 857; x_wconf 90' lang='lat' dir='ltr'>Non</span> <span class='ocrx_word' id='word_1_25' title='bbox 222 810 289 876; x_wconf 85' lang='lat' dir='ltr'>agat</span> <span class='ocrx_word' id='word_1_26' title='bbox 303 797 358 857; x_wconf 87' lang='lat' dir='ltr'>hos</span> <span class='ocrx_word' id='word_1_27' title='bbox 372 818 491 859; x_wconf 89' lang='lat' dir='ltr'>currus:</span> <span class='ocrx_word' id='word_1_28' title='bbox 516 810 546 857; x_wconf 94' lang='lat' dir='ltr'>et</span> <span class='ocrx_word' id='word_1_29' title='bbox 562 797 631 878; x_wconf 90' lang='lat' dir='ltr'>quid</span> <span class='ocrx_word' id='word_1_30' title='bbox 647 796 724 858; x_wconf 89' lang='lat' dir='ltr'>Jove</span> <span class='ocrx_word' id='word_1_31' title='bbox 741 797 835 878; x_wconf 88' lang='lat' dir='ltr'>majus</span> <span class='ocrx_word' id='word_1_32' title='bbox 850 797 1019 861; x_wconf 87' lang='lat' dir='ltr'>habemus?</span> 
     </span>
     <span class='ocr_line' id='line_1_6' title="bbox 136 882 945 974; baseline 0.004 -23"><span class='ocrx_word' id='word_1_33' title='bbox 136 892 241 954; x_wconf 86' lang='lat' dir='ltr'>Ardua</span> <span class='ocrx_word' id='word_1_34' title='bbox 256 893 349 973; x_wconf 89' lang='lat' dir='ltr'>prima</span> <span class='ocrx_word' id='word_1_35' title='bbox 364 894 412 953; x_wconf 90' lang='lat' dir='ltr'>via</span> <span class='ocrx_word' id='word_1_36' title='bbox 427 906 491 954; x_wconf 91' lang='lat' dir='ltr'>est:</span> <span class='ocrx_word' id='word_1_37' title='bbox 516 905 547 953; x_wconf 91' lang='lat' dir='ltr'>et</span> <span class='ocrx_word' id='word_1_38' title='bbox 563 882 623 974; x_wconf 75' lang='lat' dir='ltr'>qud</span> <span class='ocrx_word' id='word_1_39' title='bbox 638 893 688 953; x_wconf 88' lang='lat' dir='ltr'>vix</span> <span class='ocrx_word' id='word_1_40' title='bbox 704 895 791 953; x_wconf 78' lang='lat' dir='ltr'>mani·</span> <span class='ocrx_word' id='word_1_41' title='bbox 809 907 945 955; x_wconf 82' lang='lat' dir='ltr'>recentes</span> 
     </span>
     <span class='ocr_line' id='line_1_7' title="bbox 136 987 845 1071; baseline 0.003 -22"><span class='ocrx_word' id='word_1_42' title='bbox 136 987 295 1050; x_wconf 87' lang='lat' dir='ltr'>Enitantur</span> <span class='ocrx_word' id='word_1_43' title='bbox 309 990 395 1071; x_wconf 92' lang='lat' dir='ltr'>equi:</span> <span class='ocrx_word' id='word_1_44' title='bbox 419 989 518 1050; x_wconf 90' lang='lat' dir='ltr'>medio</span> <span class='ocrx_word' id='word_1_45' title='bbox 534 1002 578 1048; x_wconf 88' lang='lat' dir='ltr'>est</span> <span class='ocrx_word' id='word_1_46' title='bbox 594 989 732 1049; x_wconf 88' lang='lat' dir='ltr'>altissima</span> <span class='ocrx_word' id='word_1_47' title='bbox 747 990 845 1065; x_wconf 90' lang='lat' dir='ltr'>coelo;</span> 
     </span>
     <span class='ocr_line' id='line_1_8' title="bbox 136 1083 842 1166; baseline 0 -21"><span class='ocrx_word' id='word_1_48' title='bbox 136 1083 227 1146; x_wconf 90' lang='lat' dir='ltr'>Unde</span> <span class='ocrx_word' id='word_1_49' title='bbox 243 1105 323 1145; x_wconf 91' lang='lat' dir='ltr'>mare</span> <span class='ocrx_word' id='word_1_50' title='bbox 339 1097 369 1145; x_wconf 89' lang='lat' dir='ltr'>et</span> <span class='ocrx_word' id='word_1_51' title='bbox 384 1098 474 1144; x_wconf 88' lang='lat' dir='ltr'>terras</span> <span class='ocrx_word' id='word_1_52' title='bbox 490 1084 545 1165; x_wconf 90' lang='lat' dir='ltr'>ipsi</span> <span class='ocrx_word' id='word_1_53' title='bbox 560 1085 632 1145; x_wconf 93' lang='lat' dir='ltr'>mihi</span> <span class='ocrx_word' id='word_1_54' title='bbox 648 1105 725 1166; x_wconf 86' lang='lat' dir='ltr'>saepe</span> <span class='ocrx_word' id='word_1_55' title='bbox 741 1085 842 1145; x_wconf 90' lang='lat' dir='ltr'>videre</span> 
     </span>
    </p>

    <p class='ocr_par' dir='ltr' id='par_1_3' title="bbox 68 1178 1014 3566">
     <span class='ocr_line' id='line_1_9' title="bbox 68 1178 912 1263; baseline 0.002 -24"><span class='ocrx_word' id='word_1_56' title='bbox 68 1219 85 1239; x_wconf 82' lang='lat'><strong>.</strong></span> <span class='ocrx_word' id='word_1_57' title='bbox 136 1178 188 1241; x_wconf 88' lang='lat' dir='ltr'>Fit</span> <span class='ocrx_word' id='word_1_58' title='bbox 203 1181 299 1256; x_wconf 90' lang='lat' dir='ltr'>timor,</span> <span class='ocrx_word' id='word_1_59' title='bbox 315 1194 346 1241; x_wconf 92' lang='lat' dir='ltr'>et</span> <span class='ocrx_word' id='word_1_60' title='bbox 360 1179 470 1261; x_wconf 70' lang='lat' dir='ltr'>pavida</span> <span class='ocrx_word' id='word_1_61' title='bbox 484 1180 611 1262; x_wconf 85' lang='lat' dir='ltr'>trepidat</span> <span class='ocrx_word' id='word_1_62' title='bbox 626 1179 780 1242; x_wconf 90' lang='lat' dir='ltr'>sonnidine</span> <span class='ocrx_word' id='word_1_63' title='bbox 796 1194 912 1263; x_wconf 88' lang='lat' dir='ltr'>pectus.</span> 
     </span>
     <span class='ocr_line' id='line_1_10' title="bbox 135 1273 958 1357; baseline 0.005 -22"><span class='ocrx_word' id='word_1_64' title='bbox 135 1273 251 1336; x_wconf 91' lang='lat' dir='ltr'>Ultima</span> <span class='ocrx_word' id='word_1_65' title='bbox 266 1297 359 1357; x_wconf 87' lang='lat' dir='ltr'>prona</span> <span class='ocrx_word' id='word_1_66' title='bbox 374 1278 421 1337; x_wconf 90' lang='lat' dir='ltr'>via</span> <span class='ocrx_word' id='word_1_67' title='bbox 436 1290 498 1352; x_wconf 89' lang='lat' dir='ltr'>est;</span> <span class='ocrx_word' id='word_1_68' title='bbox 521 1290 551 1337; x_wconf 91' lang='lat' dir='ltr'>et</span> <span class='ocrx_word' id='word_1_69' title='bbox 566 1290 635 1357; x_wconf 86' lang='lat' dir='ltr'>eget</span> <span class='ocrx_word' id='word_1_70' title='bbox 649 1278 850 1340; x_wconf 82' lang='lat' dir='ltr'>moderamine</span> <span class='ocrx_word' id='word_1_71' title='bbox 865 1292 958 1341; x_wconf 90' lang='lat' dir='ltr'>certo.</span> 
     </span>
     <span class='ocr_line' id='line_1_11' title="bbox 134 1369 880 1456; baseline 0.008 -26"><span class='ocrx_word' id='word_1_72' title='bbox 134 1369 223 1432; x_wconf 90' lang='lat' dir='ltr'>Tunc</span> <span class='ocrx_word' id='word_1_73' title='bbox 239 1372 339 1447; x_wconf 90' lang='lat' dir='ltr'>etiam,</span> <span class='ocrx_word' id='word_1_74' title='bbox 358 1395 422 1454; x_wconf 86' lang='lat' dir='ltr'>quae</span> <span class='ocrx_word' id='word_1_75' title='bbox 438 1394 486 1434; x_wconf 92' lang='lat' dir='ltr'>me</span> <span class='ocrx_word' id='word_1_76' title='bbox 502 1373 642 1456; x_wconf 89' lang='lat' dir='ltr'>subjectis</span> <span class='ocrx_word' id='word_1_77' title='bbox 658 1374 770 1456; x_wconf 89' lang='lat' dir='ltr'>excipit</span> <span class='ocrx_word' id='word_1_78' title='bbox 785 1375 880 1449; x_wconf 88' lang='lat' dir='ltr'>undis,</span> 
     </span>
     <span class='ocr_line' id='line_1_12' title="bbox 136 1464 903 1552; baseline 0.004 -25"><span class='ocrx_word' id='word_1_79' title='bbox 136 1464 185 1527; x_wconf 90' lang='lat' dir='ltr'>Ne</span> <span class='ocrx_word' id='word_1_80' title='bbox 201 1465 276 1528; x_wconf 79' lang='lat' dir='ltr'>ferar</span> <span class='ocrx_word' id='word_1_81' title='bbox 291 1468 319 1528; x_wconf 94' lang='lat' dir='ltr'>in</span> <span class='ocrx_word' id='word_1_82' title='bbox 335 1489 478 1549; x_wconf 78' lang='lat' dir='ltr'>praeceps,</span> <span class='ocrx_word' id='word_1_83' title='bbox 493 1467 613 1550; x_wconf 88' lang='lat' dir='ltr'>Tethys</span> <span class='ocrx_word' id='word_1_84' title='bbox 628 1471 703 1532; x_wconf 89' lang='lat' dir='ltr'>solet</span> <span class='ocrx_word' id='word_1_85' title='bbox 718 1471 783 1552; x_wconf 86' lang='lat' dir='ltr'>ipsa</span> <span class='ocrx_word' id='word_1_86' title='bbox 798 1472 903 1532; x_wconf 90' lang='lat' dir='ltr'>vereri.</span> 
     </span>
     <span class='ocr_line' id='line_1_13' title="bbox 135 1564 937 1646; baseline 0.004 -21"><span class='ocrx_word' id='word_1_87' title='bbox 135 1564 237 1639; x_wconf 88' lang='lat' dir='ltr'>Adde,</span> <span class='ocrx_word' id='word_1_88' title='bbox 253 1564 332 1646; x_wconf 84' lang='lat' dir='ltr'>qubd</span> <span class='ocrx_word' id='word_1_89' title='bbox 348 1564 472 1626; x_wconf 72' lang='lat' dir='ltr'>adsidua</span> <span class='ocrx_word' id='word_1_90' title='bbox 486 1566 597 1646; x_wconf 88' lang='lat' dir='ltr'>rapitur</span> <span class='ocrx_word' id='word_1_91' title='bbox 612 1567 753 1646; x_wconf 85' lang='lat' dir='ltr'>vertigine</span> <span class='ocrx_word' id='word_1_92' title='bbox 769 1568 901 1640; x_wconf 83' lang='lat' dir='ltr'>coelum3</span> <span class='ocrx_word' id='word_1_93' title='bbox 933 1596 937 1601; x_wconf 94' lang='lat'>·</span> 
     </span>
     <span class='ocr_line' id='line_1_14' title="bbox 135 1658 958 1743; baseline 0.001 -23"><span class='ocrx_word' id='word_1_94' title='bbox 135 1658 297 1742; x_wconf 88' lang='lat' dir='ltr'>Sideraque</span> <span class='ocrx_word' id='word_1_95' title='bbox 314 1661 372 1721; x_wconf 89' lang='lat' dir='ltr'>alta</span> <span class='ocrx_word' id='word_1_96' title='bbox 386 1661 485 1736; x_wconf 91' lang='lat' dir='ltr'>trahit,</span> <span class='ocrx_word' id='word_1_97' title='bbox 501 1663 650 1743; x_wconf 90' lang='lat' dir='ltr'>celerique</span> <span class='ocrx_word' id='word_1_98' title='bbox 666 1662 815 1723; x_wconf 91' lang='lat' dir='ltr'>volumine</span> <span class='ocrx_word' id='word_1_99' title='bbox 830 1674 958 1743; x_wconf 88' lang='lat' dir='ltr'>torquet.</span> 
     </span>
     <span class='ocr_line' id='line_1_15' title="bbox 136 1754 915 1837; baseline 0.005 -22"><span class='ocrx_word' id='word_1_100' title='bbox 136 1754 223 1816; x_wconf 88' lang='lat' dir='ltr'>Nitor</span> <span class='ocrx_word' id='word_1_101' title='bbox 237 1756 266 1815; x_wconf 93' lang='lat' dir='ltr'>in</span> <span class='ocrx_word' id='word_1_102' title='bbox 282 1756 456 1815; x_wconf 90' lang='lat' dir='ltr'>adversum:</span> <span class='ocrx_word' id='word_1_103' title='bbox 480 1776 537 1816; x_wconf 92' lang='lat' dir='ltr'>nee</span> <span class='ocrx_word' id='word_1_104' title='bbox 552 1776 612 1829; x_wconf 90' lang='lat' dir='ltr'>me,</span> <span class='ocrx_word' id='word_1_105' title='bbox 629 1756 678 1837; x_wconf 92' lang='lat' dir='ltr'>qui</span> <span class='ocrx_word' id='word_1_106' title='bbox 693 1770 809 1832; x_wconf 79' lang='lat' dir='ltr'>caetera,</span> <span class='ocrx_word' id='word_1_107' title='bbox 826 1757 915 1819; x_wconf 91' lang='lat' dir='ltr'>vincit</span> 
     </span>
     <span class='ocr_line' id='line_1_16' title="bbox 135 1848 846 1931; baseline 0.003 -21"><span class='ocrx_word' id='word_1_108' title='bbox 135 1848 286 1930; x_wconf 87' lang='lat' dir='ltr'>Impetus:</span> <span class='ocrx_word' id='word_1_109' title='bbox 310 1863 341 1910; x_wconf 93' lang='lat' dir='ltr'>et</span> <span class='ocrx_word' id='word_1_110' title='bbox 355 1849 458 1931; x_wconf 93' lang='lat' dir='ltr'>rapido</span> <span class='ocrx_word' id='word_1_111' title='bbox 472 1851 633 1912; x_wconf 89' lang='lat' dir='ltr'>contrarius</span> <span class='ocrx_word' id='word_1_112' title='bbox 648 1852 760 1912; x_wconf 91' lang='lat' dir='ltr'>evehor</span> <span class='ocrx_word' id='word_1_113' title='bbox 774 1852 846 1912; x_wconf 85' lang='lat' dir='ltr'>orbi.</span> 
     </span>
     <span class='ocr_line' id='line_1_17' title="bbox 135 1944 987 2029; baseline 0.005 -23"><span class='ocrx_word' id='word_1_114' title='bbox 135 1944 232 2026; x_wconf 84' lang='lat' dir='ltr'>Finge</span> <span class='ocrx_word' id='word_1_115' title='bbox 248 1945 331 2007; x_wconf 88' lang='lat' dir='ltr'>datos</span> <span class='ocrx_word' id='word_1_116' title='bbox 345 1967 457 2007; x_wconf 79' lang='lat' dir='ltr'>currus</span> <span class='ocrx_word' id='word_1_117' title='bbox 503 1946 589 2017; x_wconf 83' lang='lat' dir='ltr'>Quid</span> <span class='ocrx_word' id='word_1_118' title='bbox 608 1949 700 2027; x_wconf 85' lang='lat' dir='ltr'>agas?</span> <span class='ocrx_word' id='word_1_119' title='bbox 724 1949 871 2029; x_wconf 87' lang='lat' dir='ltr'>poterisne</span> <span class='ocrx_word' id='word_1_120' title='bbox 887 1949 987 2010; x_wconf 85' lang='lat' dir='ltr'>rotatis</span> 
     </span>
     <span class='ocr_line' id='line_1_18' title="bbox 134 2041 826 2125; baseline 0.001 -23"><span class='ocrx_word' id='word_1_121' title='bbox 134 2041 251 2103; x_wconf 91' lang='lat' dir='ltr'>Obvius</span> <span class='ocrx_word' id='word_1_122' title='bbox 266 2043 307 2104; x_wconf 89' lang='lat' dir='ltr'>ire</span> <span class='ocrx_word' id='word_1_123' title='bbox 323 2044 409 2125; x_wconf 80' lang='lat' dir='ltr'>polle,</span> <span class='ocrx_word' id='word_1_124' title='bbox 424 2063 462 2102; x_wconf 87' lang='lat' dir='ltr'>nc</span> <span class='ocrx_word' id='word_1_125' title='bbox 477 2057 507 2103; x_wconf 91' lang='lat' dir='ltr'>te</span> <span class='ocrx_word' id='word_1_126' title='bbox 522 2045 598 2104; x_wconf 90' lang='lat' dir='ltr'>citus</span> <span class='ocrx_word' id='word_1_127' title='bbox 614 2043 725 2105; x_wconf 88' lang='lat' dir='ltr'>auserat</span> <span class='ocrx_word' id='word_1_128' title='bbox 741 2045 826 2104; x_wconf 81' lang='lat' dir='ltr'>axis?</span> 
     </span>
     <span class='ocr_line' id='line_1_19' title="bbox 135 2137 851 2218; baseline -0.001 -20"><span class='ocrx_word' id='word_1_129' title='bbox 135 2137 272 2198; x_wconf 84' lang='lat' dir='ltr'>Forsitan</span> <span class='ocrx_word' id='word_1_130' title='bbox 287 2151 317 2197; x_wconf 89' lang='lat' dir='ltr'>et</span> <span class='ocrx_word' id='word_1_131' title='bbox 331 2138 413 2197; x_wconf 89' lang='lat' dir='ltr'>lucos</span> <span class='ocrx_word' id='word_1_132' title='bbox 429 2137 499 2213; x_wconf 86' lang='lat' dir='ltr'>illic,</span> <span class='ocrx_word' id='word_1_133' title='bbox 515 2139 672 2218; x_wconf 91' lang='lat' dir='ltr'>urbesque,</span> <span class='ocrx_word' id='word_1_134' title='bbox 688 2137 851 2218; x_wconf 91' lang='lat' dir='ltr'>domosque</span> 
     </span>
     <span class='ocr_line' id='line_1_20' title="bbox 136 2232 816 2313; baseline 0 -20"><span class='ocrx_word' id='word_1_135' title='bbox 136 2232 297 2312; x_wconf 88' lang='lat' dir='ltr'>Concipias</span> <span class='ocrx_word' id='word_1_136' title='bbox 313 2232 427 2291; x_wconf 88' lang='lat' dir='ltr'>animo:</span> <span class='ocrx_word' id='word_1_137' title='bbox 449 2232 630 2313; x_wconf 86' lang='lat' dir='ltr'>delubraque</span> <span class='ocrx_word' id='word_1_138' title='bbox 646 2232 716 2293; x_wconf 90' lang='lat' dir='ltr'>ditia</span> <span class='ocrx_word' id='word_1_139' title='bbox 732 2232 816 2293; x_wconf 87' lang='lat' dir='ltr'>donis</span> 
     </span>
     <span class='ocr_line' id='line_1_21' title="bbox 134 2326 941 2412; baseline -0.001 -23"><span class='ocrx_word' id='word_1_140' title='bbox 134 2327 223 2389; x_wconf 88' lang='lat' dir='ltr'>Esse.</span> <span class='ocrx_word' id='word_1_141' title='bbox 268 2326 330 2388; x_wconf 89' lang='lat' dir='ltr'>Per</span> <span class='ocrx_word' id='word_1_142' title='bbox 344 2327 462 2388; x_wconf 89' lang='lat' dir='ltr'>insidias</span> <span class='ocrx_word' id='word_1_143' title='bbox 477 2327 532 2388; x_wconf 92' lang='lat' dir='ltr'>iter</span> <span class='ocrx_word' id='word_1_144' title='bbox 546 2342 601 2405; x_wconf 91' lang='lat' dir='ltr'>est,</span> <span class='ocrx_word' id='word_1_145' title='bbox 617 2327 783 2412; x_wconf 83' lang='lat' dir='ltr'>formasque</span> <span class='ocrx_word' id='word_1_146' title='bbox 804 2328 941 2391; x_wconf 84' lang='lat' dir='ltr'>ferarum.</span> 
     </span>
     <span class='ocr_line' id='line_1_22' title="bbox 134 2422 882 2508; baseline 0.004 -23"><span class='ocrx_word' id='word_1_147' title='bbox 134 2422 237 2506; x_wconf 90' lang='lat' dir='ltr'>thue</span> <span class='ocrx_word' id='word_1_148' title='bbox 253 2424 331 2485; x_wconf 90' lang='lat' dir='ltr'>viam</span> <span class='ocrx_word' id='word_1_149' title='bbox 346 2437 459 2500; x_wconf 72' lang='lat' dir='ltr'>teneaS,</span> <span class='ocrx_word' id='word_1_150' title='bbox 474 2424 615 2508; x_wconf 91' lang='lat' dir='ltr'>nulloque</span> <span class='ocrx_word' id='word_1_151' title='bbox 631 2446 727 2487; x_wconf 89' lang='lat' dir='ltr'>errore</span> <span class='ocrx_word' id='word_1_152' title='bbox 742 2427 882 2500; x_wconf 85' lang='lat' dir='ltr'>tralraris;</span> 
     </span>
     <span class='ocr_line' id='line_1_23' title="bbox 136 2520 838 2602; baseline 0 -19"><span class='ocrx_word' id='word_1_153' title='bbox 136 2520 197 2583; x_wconf 82' lang='lat' dir='ltr'>Per</span> <span class='ocrx_word' id='word_1_154' title='bbox 211 2534 311 2582; x_wconf 91' lang='lat' dir='ltr'>tamen</span> <span class='ocrx_word' id='word_1_155' title='bbox 326 2522 442 2583; x_wconf 90' lang='lat' dir='ltr'>adversi</span> <span class='ocrx_word' id='word_1_156' title='bbox 457 2522 595 2602; x_wconf 90' lang='lat' dir='ltr'>gradieris</span> <span class='ocrx_word' id='word_1_157' title='bbox 610 2544 720 2584; x_wconf 90' lang='lat' dir='ltr'>cornua</span> <span class='ocrx_word' id='word_1_158' title='bbox 735 2522 838 2597; x_wconf 87' lang='lat' dir='ltr'>Tauri,</span> 
     </span>
     <span class='ocr_line' id='line_1_24' title="bbox 135 2617 877 2699; baseline 0.001 -22"><span class='ocrx_word' id='word_1_159' title='bbox 135 2617 366 2697; x_wconf 82' lang='lat' dir='ltr'>Haemoniosque</span> <span class='ocrx_word' id='word_1_160' title='bbox 382 2638 477 2691; x_wconf 88' lang='lat' dir='ltr'>arcus,</span> <span class='ocrx_word' id='word_1_161' title='bbox 494 2618 674 2699; x_wconf 89' lang='lat' dir='ltr'>violentique</span> <span class='ocrx_word' id='word_1_162' title='bbox 690 2639 741 2679; x_wconf 90' lang='lat' dir='ltr'>ora</span> <span class='ocrx_word' id='word_1_163' title='bbox 755 2617 877 2692; x_wconf 87' lang='lat' dir='ltr'>Leonis,</span> 
     </span>
     <span class='ocr_line' id='line_1_25' title="bbox 135 2713 843 2794; baseline 0.003 -21"><span class='ocrx_word' id='word_1_164' title='bbox 135 2713 279 2793; x_wconf 70' lang='lat' dir='ltr'>Saevaque</span> <span class='ocrx_word' id='word_1_165' title='bbox 294 2713 417 2773; x_wconf 88' lang='lat' dir='ltr'>circuitu</span> <span class='ocrx_word' id='word_1_166' title='bbox 432 2725 605 2773; x_wconf 88' lang='lat' dir='ltr'>curvantem</span> <span class='ocrx_word' id='word_1_167' title='bbox 620 2713 740 2774; x_wconf 90' lang='lat' dir='ltr'>brachia</span> <span class='ocrx_word' id='word_1_168' title='bbox 754 2714 843 2794; x_wconf 88' lang='lat' dir='ltr'>longo</span> 
     </span>
     <span class='ocr_line' id='line_1_26' title="bbox 135 2808 991 2891; baseline 0 -22"><span class='ocrx_word' id='word_1_169' title='bbox 135 2808 290 2891; x_wconf 81' lang='lat' dir='ltr'>Scorpion,</span> <span class='ocrx_word' id='word_1_170' title='bbox 306 2821 394 2891; x_wconf 90' lang='lat' dir='ltr'>atque</span> <span class='ocrx_word' id='word_1_171' title='bbox 410 2808 494 2869; x_wconf 89' lang='lat' dir='ltr'>aliter</span> <span class='ocrx_word' id='word_1_172' title='bbox 506 2821 678 2869; x_wconf 84' lang='lat' dir='ltr'>curvantem</span> <span class='ocrx_word' id='word_1_173' title='bbox 694 2808 813 2870; x_wconf 90' lang='lat' dir='ltr'>brachia</span> <span class='ocrx_word' id='word_1_174' title='bbox 829 2808 991 2870; x_wconf 89' lang='lat' dir='ltr'>Cancrum.</span> 
     </span>
     <span class='ocr_line' id='line_1_27' title="bbox 137 2904 932 2990; baseline 0 -24"><span class='ocrx_word' id='word_1_175' title='bbox 137 2904 204 2967; x_wconf 93' lang='lat' dir='ltr'>Nec</span> <span class='ocrx_word' id='word_1_176' title='bbox 219 2906 270 2968; x_wconf 92' lang='lat' dir='ltr'>tibi</span> <span class='ocrx_word' id='word_1_177' title='bbox 287 2906 492 2990; x_wconf 85' lang='lat' dir='ltr'>quadrupedes</span> <span class='ocrx_word' id='word_1_178' title='bbox 507 2905 653 2967; x_wconf 85' lang='lat' dir='ltr'>animosos</span> <span class='ocrx_word' id='word_1_179' title='bbox 669 2904 782 2985; x_wconf 81' lang='lat' dir='ltr'>ignibus</span> <span class='ocrx_word' id='word_1_180' title='bbox 797 2905 863 2981; x_wconf 91' lang='lat' dir='ltr'>illis,</span> <span class='ocrx_word' id='word_1_181' title='bbox 927 2916 932 2925; x_wconf 96' lang='grc'><strong>“</strong></span> 
     </span>
     <span class='ocr_line' id='line_1_28' title="bbox 136 3002 1000 3086; baseline -0.001 -22"><span class='ocrx_word' id='word_1_182' title='bbox 136 3002 224 3076; x_wconf 82' lang='lat' dir='ltr'>Quos</span> <span class='ocrx_word' id='word_1_183' title='bbox 239 3005 269 3065; x_wconf 94' lang='lat' dir='ltr'>in</span> <span class='ocrx_word' id='word_1_184' title='bbox 285 3017 405 3085; x_wconf 90' lang='lat' dir='ltr'>pectore</span> <span class='ocrx_word' id='word_1_185' title='bbox 421 3003 541 3078; x_wconf 91' lang='lat' dir='ltr'>habent,</span> <span class='ocrx_word' id='word_1_186' title='bbox 557 3024 631 3086; x_wconf 93' lang='lat' dir='ltr'>quos</span> <span class='ocrx_word' id='word_1_187' title='bbox 645 3024 696 3064; x_wconf 91' lang='lat' dir='ltr'>ore</span> <span class='ocrx_word' id='word_1_188' title='bbox 712 3016 742 3064; x_wconf 92' lang='lat' dir='ltr'>et</span> <span class='ocrx_word' id='word_1_189' title='bbox 757 3002 873 3064; x_wconf 89' lang='lat' dir='ltr'>naribus</span> <span class='ocrx_word' id='word_1_190' title='bbox 888 3002 1000 3077; x_wconf 88' lang='lat' dir='ltr'>efflant,</span> 
     </span>
     <span class='ocr_line' id='line_1_29' title="bbox 136 3099 1014 3180; baseline 0.002 -21"><span class='ocrx_word' id='word_1_191' title='bbox 136 3099 170 3160; x_wconf 91' lang='lat' dir='ltr'>ln</span> <span class='ocrx_word' id='word_1_192' title='bbox 187 3113 325 3180; x_wconf 88' lang='lat' dir='ltr'>promptu</span> <span class='ocrx_word' id='word_1_193' title='bbox 341 3119 443 3178; x_wconf 90' lang='lat' dir='ltr'>regere</span> <span class='ocrx_word' id='word_1_194' title='bbox 459 3112 513 3158; x_wconf 87' lang='lat' dir='ltr'>est.</span> <span class='ocrx_word' id='word_1_195' title='bbox 561 3099 623 3161; x_wconf 83' lang='lat' dir='ltr'>Vix</span> <span class='ocrx_word' id='word_1_196' title='bbox 638 3121 686 3160; x_wconf 92' lang='lat' dir='ltr'>me</span> <span class='ocrx_word' id='word_1_197' title='bbox 703 3101 862 3180; x_wconf 89' lang='lat' dir='ltr'>patiuntur,</span> <span class='ocrx_word' id='word_1_198' title='bbox 877 3114 909 3161; x_wconf 92' lang='lat' dir='ltr'>ut</span> <span class='ocrx_word' id='word_1_199' title='bbox 924 3100 1014 3162; x_wconf 83' lang='lat' dir='ltr'>acres</span> 
     </span>
     <span class='ocr_line' id='line_1_30' title="bbox 135 3193 906 3275; baseline -0.004 -18"><span class='ocrx_word' id='word_1_200' title='bbox 135 3193 289 3257; x_wconf 74' lang='lat' dir='ltr'>lncaluere</span> <span class='ocrx_word' id='word_1_201' title='bbox 304 3194 411 3268; x_wconf 84' lang='lat' dir='ltr'>animi3</span> <span class='ocrx_word' id='word_1_202' title='bbox 435 3194 597 3275; x_wconf 86' lang='lat' dir='ltr'>cervixque</span> <span class='ocrx_word' id='word_1_203' title='bbox 612 3207 758 3273; x_wconf 83' lang='lat' dir='ltr'>repugnat</span> <span class='ocrx_word' id='word_1_204' title='bbox 772 3194 906 3254; x_wconf 75' lang='lat' dir='ltr'>habenis</span> 
     </span>
     <span class='ocr_line' id='line_1_31' title="bbox 135 3289 817 3368; baseline -0.003 -15"><span class='ocrx_word' id='word_1_205' title='bbox 135 3292 178 3354; x_wconf 88' lang='lat' dir='ltr'>At</span> <span class='ocrx_word' id='word_1_206' title='bbox 194 3306 236 3368; x_wconf 92' lang='lat' dir='ltr'>tu,</span> <span class='ocrx_word' id='word_1_207' title='bbox 252 3290 358 3353; x_wconf 82' lang='lat' dir='ltr'>funesti</span> <span class='ocrx_word' id='word_1_208' title='bbox 374 3311 411 3350; x_wconf 91' lang='lat' dir='ltr'>ne</span> <span class='ocrx_word' id='word_1_209' title='bbox 426 3292 481 3351; x_wconf 88' lang='lat' dir='ltr'>sim</span> <span class='ocrx_word' id='word_1_210' title='bbox 495 3289 548 3351; x_wconf 89' lang='lat' dir='ltr'>tibi</span> <span class='ocrx_word' id='word_1_211' title='bbox 562 3289 690 3349; x_wconf 90' lang='lat' dir='ltr'>muneris</span> <span class='ocrx_word' id='word_1_212' title='bbox 705 3302 817 3365; x_wconf 89' lang='lat' dir='ltr'>auctor,</span> 
     </span>
     <span class='ocr_line' id='line_1_32' title="bbox 136 3386 928 3468; baseline 0.001 -20"><span class='ocrx_word' id='word_1_213' title='bbox 136 3387 226 3463; x_wconf 90' lang='lat' dir='ltr'>Nate,</span> <span class='ocrx_word' id='word_1_214' title='bbox 242 3409 333 3450; x_wconf 92' lang='lat' dir='ltr'>cave:</span> <span class='ocrx_word' id='word_1_215' title='bbox 358 3387 429 3447; x_wconf 90' lang='lat' dir='ltr'>dum</span> <span class='ocrx_word' id='word_1_216' title='bbox 443 3406 549 3468; x_wconf 91' lang='lat' dir='ltr'>resque</span> <span class='ocrx_word' id='word_1_217' title='bbox 564 3386 641 3462; x_wconf 92' lang='lat' dir='ltr'>sinit,</span> <span class='ocrx_word' id='word_1_218' title='bbox 657 3399 707 3447; x_wconf 89' lang='lat' dir='ltr'>toa</span> <span class='ocrx_word' id='word_1_219' title='bbox 721 3387 833 3468; x_wconf 87' lang='lat' dir='ltr'>corrige</span> <span class='ocrx_word' id='word_1_220' title='bbox 850 3401 928 3450; x_wconf 83' lang='lat' dir='ltr'>vota.</span> 
     </span>
     <span class='ocr_line' id='line_1_33' title="bbox 137 3482 903 3566; baseline 0.005 -22"><span class='ocrx_word' id='word_1_221' title='bbox 137 3483 266 3559; x_wconf 89' lang='lat' dir='ltr'>Scilicet,</span> <span class='ocrx_word' id='word_1_222' title='bbox 281 3499 313 3545; x_wconf 91' lang='lat' dir='ltr'>ut</span> <span class='ocrx_word' id='word_1_223' title='bbox 328 3497 426 3546; x_wconf 87' lang='lat' dir='ltr'>nostro</span> <span class='ocrx_word' id='word_1_224' title='bbox 441 3482 574 3566; x_wconf 87' lang='lat' dir='ltr'>genitum</span> <span class='ocrx_word' id='word_1_225' title='bbox 588 3498 619 3545; x_wconf 91' lang='lat' dir='ltr'>te</span> <span class='ocrx_word' id='word_1_226' title='bbox 633 3485 775 3566; x_wconf 89' lang='lat' dir='ltr'>sanguine</span> <span class='ocrx_word' id='word_1_227' title='bbox 790 3485 903 3560; x_wconf 86' lang='lat' dir='ltr'>credas,</span> 
     </span>
    </p>
   </div>
   <div class='ocr_carea' id='block_1_3' title="bbox 0 0 1178 4102">
    <p class='ocr_par' dir='ltr' id='par_1_4' title="bbox 0 0 1178 4102">
     <span class='ocr_line' id='line_1_34' title="bbox 0 0 1178 4102; baseline 0 0"><span class='ocrx_word' id='word_1_228' title='bbox 0 0 1178 4102; x_wconf 95' lang='lat' dir='ltr'> </span> 
     </span>
    </p>
   </div>
  </div>
 </body>
</html>
