2348 4102
381 662 569 705 DEUCALION
591 663 633 703 ΕΤ
655 661 796 703 ΡῩΒΒΗΔ.

528 835 648 895 vals.
786 856 830 938 p

141 1009 289 1074 Redditus
303 1009 381 1071 orbis
395 1022 467 1070 erat.
513 1008 616 1080 Quem
632 1022 790 1091 postquam
806 1008 879 1071 vidit
893 1009 1022 1084 inanem,

96 1106 142 1168 Et
156 1105 301 1168 desolatas
317 1125 404 1184 agere
420 1105 478 1165 alta
493 1104 609 1166 silentia
622 1118 723 1180 terras,

95 1201 276 1275 Deucalion,
291 1200 429 1280 lacrymis
444 1200 485 1260 ita
499 1199 646 1280 Pyrrham
662 1201 767 1261 affatur
780 1201 905 1262 obortis:
1012 1201 1076 1261 350

95 1296 147 1357 ‘O
161 1317 251 1370 soror,
266 1316 285 1356 o
298 1294 419 1377 conjux,
434 1316 453 1355 o
467 1294 588 1357 foemina
602 1295 665 1357 sola
679 1308 838 1377 superstes,

96 1390 202 1464 Quam
216 1411 374 1452 commune
389 1390 462 1451 mihi
476 1412 580 1470 genus,
594 1404 625 1452 et
639 1392 778 1473 patruelis
792 1391 884 1471 origo,

95 1486 218 1549 Deinde
232 1498 312 1547 torus
323 1486 440 1568 junxit3
463 1506 540 1546 nunc
555 1487 619 1567 ipsa
633 1487 762 1566 pericula
773 1485 918 1568 jungunt:

95 1579 268 1656 Terrannn,
284 1599 475 1663 quascunque
490 1580 592 1640 vident
605 1601 726 1640 occasus
742 1594 772 1640 et
787 1593 878 1655 ortus,

96 1675 164 1738 Nos
177 1677 236 1739 duo
252 1676 337 1737 turba
352 1694 463 1735 sumus.
508 1673 644 1735 Possedit
658 1685 764 1736 caetera
778 1687 895 1755 pontus
1013 1676 1076 1738 355

97 1770 188 1834 Nunc
203 1791 322 1855 quoque
338 1770 434 1831 adhuc
449 1770 514 1831 vitae
529 1791 586 1831 non
603 1784 646 1831 est
662 1770 768 1832 fiducia
782 1784 887 1832 nostra

96 1866 193 1929 Certa
208 1866 293 1927 satis:
316 1878 426 1928 terrent
440 1866 600 1927 etiamnum
615 1866 716 1927 nubila
728 1879 871 1928 mentem.

96 1961 185 2035 Quid
200 1961 264 2036 tibi,
278 1962 301 2022 si
316 1961 379 2023 sine
393 1981 442 2021 me
458 1960 523 2021 satis
539 1974 642 2042 erepta
656 1960 770 2034 fuisses,

97 2055 191 2119 Nunc
206 2056 305 2131 animi,
320 2055 496 2132 miseranda,
512 2055 607 2117 foret?
632 2076 690 2137 quo
704 2055 766 2116 sola
780 2054 916 2115 timorem

96 2151 192 2214 Ferre
206 2151 296 2212 modo
310 2154 432 2232 posses?
455 2173 514 2233 quo
528 2151 698 2213 consolante
714 2150 849 2213 doleres?
1012 2154 1077 2215 360

97 2246 240 2328 Namque
255 2266 311 2326 ego
328 2246 430 2330 (crede
445 2246 544 2331 mihi,)
561 2247 585 2307 si
600 2261 630 2308 te
646 2247 736 2309 modi)
751 2261 859 2328 pontus
874 2247 1008 2323 baberet,

97 2340 149 2404 Te
163 2362 312 2425 sequerer,
327 2342 455 2424 conjux:
478 2355 509 2402 ot
523 2363 572 2403 me
587 2363 704 2424 quoque
719 2357 827 2424 pontus
842 2344 975 2405 haberat.

96 2436 130 2499 Ο
144 2438 255 2499 utinam
270 2437 380 2518 possim
397 2437 523 2516 populos
537 2457 672 2515 reparatae
691 2438 819 2516 paternis

96 2534 238 2609 Artibus;
260 2545 350 2614 atque
365 2531 478 2591 annnas
492 2529 621 2591 formatae
637 2530 788 2592 infundere
803 2534 904 2593 terrae!

96 2628 187 2691 Nunc
202 2649 295 2710 genus
310 2627 339 2688 in
354 2627 437 2689 nobis
451 2639 541 2689 restat
555 2627 678 2689 mortale
694 2627 820 2704 duobus,
1012 2631 1075 2693 365

98 2725 166 2811 (Sic
181 2725 275 2787 visum
289 2721 644 2807 superisstominumque
660 2726 801 2806 exempla
815 2726 991 2789 manemus.2

140 2820 278 2896 Dixerat,
294 2833 324 2881 et
340 2820 460 2882 flebant.
505 2819 622 2882 Placuit
637 2822 759 2883 coeleste
775 2822 889 2903 precari

96 2915 230 2992 Numen,
245 2929 275 2978 et
289 2916 431 2979 auxilium
446 2938 500 2998 per
514 2938 610 2978 sacras
626 2938 754 2998 quaerere
770 2929 873 2977 sortes.

95 3011 190 3074 Nulla
204 3034 285 3074 mora
299 3026 361 3088 est3
383 3013 493 3072 adeunt
507 3013 614 3120 pariter
629 3011 808 3093 Cephisidas
823 3012 926 3089 undas,

95 3107 143 3170 Ut
156 3109 287 3171 nondum
301 3108 473 3191 liquidas,
451 3129 492 3169 stc
504 3107 568 3192 jam
583 3108 658 3170 vada
673 3122 743 3171 nota
756 3123 901 3173 secantes.
1012 3112 1076 3175 370

97 3203 173 3267 lude
188 3205 239 3267 ubi
253 3206 380 3267 libatos
373 3226 532 3267 uroraverc
548 3205 691 3288 liquores
852 3186 875 3225 ἦ·

99 3301 242 3364 Vestibus
256 3315 287 3364 et
300 3303 408 3384 capiti3
430 3302 554 3364 flectunt
569 3302 690 3383 vestigia
704 3317 827 3369 sancte.
881 3334 884 3341 ·

95 3400 149 3463 Ad
165 3398 287 3461 delubra
300 3399 381 3461 dea:
405 3421 531 3482 quorum
546 3399 660 3480 fastigia
674 3400 752 3481 turpi

97 3496 282 3581 Squalebant
295 3517 398 3558 musco
408 3518 417 3573 ;
427 3562 429 3567 ,
438 3497 612 3577 stabantque
628 3496 691 3557 sine
706 3495 821 3575 ignibus
837 3510 904 3554 arc.

366 3595 387 3654 Ξ
933 3596 936 3603 .
