2348 4102
524 378 632 429 LIBER
650 377 670 428 1.
1037 375 1073 435 ll

101 523 261 609 Indejecta
273 526 369 600 malo;
391 527 509 587 culmen
524 540 623 587 tamen
639 527 722 588 altior
737 525 823 608 hujus

101 620 199 682 Unda
212 621 294 701 tegit,
309 643 475 704 pressaque
489 623 587 684 labant
602 624 656 684 sub
671 623 784 704 gurgite
799 636 902 682 turres.
1014 626 1077 685 290

148 715 277 798 Jamque
291 739 372 778 mare
388 732 417 779 et
432 719 518 779 tellus
532 719 645 783 nullum
660 718 814 780 discrimen
829 718 986 779 habebant.

101 811 217 872 Omnia
231 825 337 893 pontus
352 827 444 874 erant.
490 814 623 875 Deerant
637 836 754 896 quoque
769 814 865 874 littora
879 827 980 895 ponto.

102 906 244 988 Occupat
258 908 306 969 hic
321 909 445 969 collem:
468 911 578 990 cymba
591 910 674 969 sedet
688 911 760 970 alter
775 909 899 984 adunca,

103 1001 150 1063 Et
164 1003 243 1063 ducit
256 1024 353 1064 remos
368 1003 437 1079 illic,
452 1005 502 1065 ubi
516 1026 612 1085 nuper
625 1004 728 1065 ardrat.

103 1096 161 1158 Ille
175 1118 263 1180 supra
275 1112 402 1178 segetes,
417 1113 468 1160 aut
482 1120 583 1160 mersae
597 1101 725 1161 culmina
739 1101 814 1162 villae

102 1190 251 1272 Navigat:
274 1191 322 1254 hic
337 1193 453 1254 summa
467 1194 579 1274 piscem
594 1194 749 1274 deprendit
763 1197 791 1255 in
807 1196 898 1256 ulmo.

101 1285 221 1367 Figitur
234 1287 264 1348 in
278 1287 360 1348 viridi
378 1287 416 1373 (si
430 1288 488 1348 sors
502 1288 582 1371 tulit)
601 1290 727 1350 anchora
741 1302 840 1370 prato:

101 1384 169 1444 Aut
183 1382 315 1465 subjecta
328 1396 425 1445 terunt
439 1405 535 1445 curvae
549 1385 648 1446 vineta
663 1385 777 1448 carina.

101 1478 158 1554 Et,
172 1478 262 1541 modo
277 1480 336 1561 qud
350 1480 472 1559 graciles
486 1501 606 1559 gramen
621 1481 756 1562 carpsere
770 1483 901 1562 capelle,

102 1573 195 1636 Nunc
209 1574 250 1636 ibi
264 1574 411 1635 deformes
425 1588 539 1655 ponunt
553 1596 606 1635 sua
619 1596 742 1656 corpora
755 1577 869 1656 phoca.

102 1668 250 1731 Mirantur
264 1670 320 1730 sub
334 1668 412 1750 aqud
424 1670 517 1744 lucos,
533 1670 688 1751 urbesque,
703 1669 864 1752 domosque

102 1765 270 1828 Nereides:
293 1766 439 1848 silvasque
453 1779 557 1827 tenent
570 1766 734 1848 delphines,
750 1781 780 1829 et
794 1767 858 1831 altis

102 1860 259 1925 Incursant
272 1863 368 1937 ramis,
383 1863 549 1945 agitataque
564 1864 669 1924 robora
682 1864 808 1945 pulsant.

100 1957 166 2020 Nat
180 1959 266 2041 lupus
281 1959 355 2019 inter
369 1980 457 2020 oves:
481 1958 575 2020 fulvos
591 1958 672 2019 vehit
686 1960 765 2019 unda
778 1960 896 2020 leones:

99 2053 195 2117 Unda
209 2055 289 2115 vehit
303 2055 408 2136 tigres:
430 2076 487 2116 nee
502 2055 578 2116 vires
593 2053 720 2115 fulminis
740 2075 822 2137 apro,

99 2150 201 2214 Crura
214 2172 270 2212 nec
285 2152 381 2215 ablato
395 2166 516 2235 prosunt
530 2153 646 2215 velocia
659 2172 758 2215 cervo.

100 2245 303 2329 Quaesitisque
318 2248 368 2309 diu
383 2250 475 2325 terris,
490 2249 540 2310 ubi
555 2250 651 2311 sidere
666 2249 761 2325 detur,

101 2342 139 2404 In
152 2364 233 2405 mare
247 2344 359 2405 lassatis
375 2344 500 2405 volucris
515 2366 590 2426 vaga
604 2346 712 2407 decidit
726 2347 789 2407 alis.

101 2436 250 2502 Obruerat
263 2440 392 2500 tumulos
406 2439 548 2500 immensa
560 2441 679 2502 licentia
692 2442 785 2521 ponti,

101 2532 325 2618 Pulsabantque
340 2534 409 2596 novi
424 2547 563 2597 montana
576 2536 730 2596 cacumina
744 2534 859 2597 fluctus.

100 2629 240 2693 Maxima
253 2653 320 2714 pars
335 2631 415 2692 unda
428 2631 554 2716 rapitur:
578 2632 682 2714 quibus
696 2632 775 2695 unda
788 2632 933 2715 pepercit,

100 2725 173 2788 Illos
186 2727 273 2809 longa
288 2728 407 2789 domant
422 2728 501 2810 inopi
516 2728 629 2812 jejunia
643 2729 750 2807 victu..
848 2796 852 2801 ,

146 2821 271 2905 Separat
285 2825 398 2887 Aonios
413 2825 523 2887 Actaeis
537 2826 648 2888 Phocis
663 2828 699 2888 ab
714 2822 799 2902 arvis,

99 2918 199 2980 Terra
212 2918 303 2997 ferax,
319 2920 388 2983 dum
404 2936 481 2982 terra
494 2921 566 2997 suit;
588 2922 642 2983 sed
656 2935 790 3003 tempore
804 2922 833 2981 in
848 2922 898 2983 illo

100 3014 178 3077 Pars
191 3017 287 3094 maris,
302 3031 333 3079 et
346 3019 422 3079 latus
436 3018 595 3079 subitarum
610 3038 733 3099 campus
746 3038 906 3125 aquarum-5

100 3110 193 3177 Mons
207 3113 247 3176 ibi
261 3116 416 3177 verticibus
431 3115 504 3197 petit
519 3115 625 3176 arduus
641 3128 718 3176 astra
732 3104 859 3193 duobus,
888 3110 923 3169 θ’

101 3206 233 3271 Nomine
247 3210 420 3288 Parnassus,
435 3226 612 3295 superatque
626 3214 779 3275 cacumine
794 3214 896 3276 nubes.

102 3302 165 3367 Hic
179 3308 228 3369 ubi
245 3308 411 3370 Deucalion
429 3309 511 3394 (narn
526 3324 632 3371 caetera
646 3323 762 3372 texerat
776 3310 887 3393 equor)

100 3400 183 3464 Cum
197 3419 332 3466 consorte
347 3407 400 3467 tori
417 3407 507 3489 parva
522 3421 583 3468 rate
601 3422 701 3470 vectus
716 3409 854 3481 adhesit3

99 3498 269 3584 Corycidas
283 3504 439 3584 nymphas,
455 3518 485 3564 et
498 3504 617 3565 numina
632 3505 738 3566 montis
754 3504 883 3565 adorant.
