2348 4102
485 357 593 412 LIBER
615 359 688 411 XIII.
1013 359 1073 418 127
1116 438 1118 441 Ι

98 507 243 590 Altaque,
258 526 344 588 posse
359 507 425 589 capi
439 507 583 585 faciendo,
599 509 746 590 Pergama
760 509 838 591 cepi.

99 602 161 665 Per
175 624 244 684 spes
258 624 337 664 nunc
351 604 455 680 scciaS,
469 624 630 687 casuraque
645 605 756 668 moenia
769 602 895 682 Troum,
1010 608 1073 668 375

98 697 219 781 Perque
235 698 305 760 deos
319 720 381 775 cre,
397 721 469 782 quos
484 701 560 762 hosti
574 721 668 782 nuper
682 701 797 776 ademi;

99 792 170 870 Per,
188 796 211 855 si
227 795 297 877 quid
312 809 456 877 superest,
472 797 551 878 quod
565 797 602 857 sit
616 797 763 877 sapienter
778 797 945 877 egendum3

99 889 132 951 Si
148 880 218 972 quid
233 891 330 953 adhuc
345 891 452 968 audax,
467 913 507 953 ex
521 893 721 974 praecipitique
736 892 917 974 petendum3

99 985 133 1047 Si
147 986 245 1070 Trojae
261 986 326 1048 satis
341 987 448 1070 aliquid
464 1002 572 1050 restare
587 989 715 1070 putatis;
850 988 853 992 ⁴

99 1080 174 1143 Este
189 1084 248 1143 mei
261 1105 424 1145 memores:
448 1097 498 1144 aut
512 1084 537 1145 si
550 1085 622 1145 mihi
637 1106 695 1146 non
711 1085 785 1145 datis
799 1104 880 1145 enne
888 1105 897 1160 ;
968 1117 971 1121 ·
1010 1085 1074 1147 380

98 1175 180 1238 Huic
196 1178 285 1239 date!
331 1178 514 1240 Etostendit
528 1180 643 1260 signum
659 1178 746 1241 fatale
760 1178 916 1242 Minervae.

141 1271 228 1334 Mota
242 1294 345 1334 manus
361 1295 517 1356 procerum
531 1288 592 1336 est:
616 1289 657 1351 et,
673 1277 743 1365 quid
758 1275 895 1338 facundia
908 1289 1019 1359 posset,

98 1367 149 1430 Re
165 1371 278 1451 patuit3
301 1369 439 1452 sortisque
455 1372 508 1432 viri
523 1372 589 1433 tulit
604 1392 683 1433 arma
699 1372 833 1435 disertus.

98 1464 232 1527 Hectora
246 1465 296 1548 qui
310 1466 400 1540 solus,
416 1465 466 1546 qui
480 1464 599 1541 serrum,
614 1467 783 1548 ignemque,
798 1467 966 1550 Jovemque
1007 1463 1011 1467 ’

98 1560 243 1622 Sustinuit
254 1562 362 1635 ,toties;
384 1581 474 1620 unarn
488 1581 548 1620 non
563 1561 686 1621 sustinet
701 1562 792 1622 iram:
1009 1563 1073 1624 385

97 1656 306 1738 Invictumque
322 1656 416 1718 virum
432 1655 522 1716 vincit
536 1655 628 1716 dolor.
672 1656 785 1737 Arripit
800 1675 919 1719 ensem:

97 1751 151 1829 Et,
167 1751 276 1813 ‘Meus
290 1752 339 1813 hic
354 1751 434 1813 certe
449 1764 504 1813 est.
548 1751 599 1812 An
615 1764 645 1813 et
656 1753 734 1814 hunc
745 1753 798 1814 sibi
810 1765 913 1835 poscet
924 1751 1072 1836 Ulysses?

97 1848 189 1925 Hoc,'
206 1849 256 1924 ait,
272 1841 492 1909 ‘utendumest
505 1847 534 1908 in
549 1868 598 1909 me
611 1848 703 1910 mihi:
727 1849 835 1932 quique
850 1870 953 1912 cruore
984 1895 987 1902 ‚

98 1944 187 2026 Saepe
203 1943 357 2025 Phrygum
373 1943 495 2019 maduit,
511 1943 620 2004 domini
633 1964 713 2004 nunc
727 1943 809 2005 caede
824 1945 972 2007 madebit:

98 2037 147 2102 Ne
165 2041 318 2122 quisquam
332 2037 459 2122 Ajacem
473 2039 565 2123 possit
579 2060 727 2121 superare,
742 2038 797 2101 nisi
818 2040 922 2124 Ajax.’
1009 2042 1073 2103 390

97 2135 203 2197 Dixit:
226 2135 300 2196 etin
315 2148 430 2217 pectuS,
445 2148 508 2196 tum
523 2134 649 2217 denique
665 2136 786 2198 vulnera
800 2157 930 2218 passum,

98 2229 173 2304 Qua
188 2232 281 2313 patuit
295 2229 380 2312 serre,
395 2231 514 2293 letalem
529 2230 660 2293 condidit
674 2253 793 2294 ensem:

90 2326 167 2389 -Nec
182 2326 301 2389 valudre
316 2348 420 2388 manus
434 2326 557 2387 infixum
573 2328 700 2388 educere
716 2329 825 2390 telum:

98 2422 226 2504 Expulit
240 2423 304 2504 ipse
319 2410 420 2484 cruor:
443 2420 656 2502 rubefactaque
667 2423 808 2502 sanguine
823 2424 910 2485 tellus

97 2517 286 2602 Purpureum
303 2517 386 2580 viridi
401 2516 501 2598 genuit
516 2516 554 2577 de
569 2516 681 2597 cespite
696 2516 810 2593 florem,
917 2571 920 2575 .
1008 2519 1072 2582 395

99 2613 164 2688 Qui
178 2614 258 2697 prius
272 2613 394 2676 OEbalio
409 2612 503 2675 suerat
516 2611 554 2672 de
570 2613 691 2674 vulnere
706 2626 800 2674 natus.

99 2709 203 2773 Litera
215 2711 380 2773 communis
394 2709 497 2772 mediis
513 2730 665 2792 pueroque
681 2710 801 2792 viroque
847 2786 851 2794 .

98 2805 244 2890 Inscripta
258 2820 303 2870 est
313 2807 404 2870 soliis:
428 2807 492 2868 haec
506 2805 643 2882 nominis,
658 2807 707 2867 illa
717 2806 857 2887 querele.

342 3007 473 3049 uncum
496 3006 533 3068 ru
554 3004 664 3046 causis
688 3002 828 3045 uersus.
912 2975 913 2979 ¹

528 3172 558 3214 v.
571 3154 645 3214 404.
735 3166 739 3172 ·

99 3287 192 3372 Troja
206 3288 293 3350 simul
308 3287 502 3370 Priamusque
517 3285 626 3349 cadunt
636 3307 651 3347 :-
666 3283 815 3347 Priameia
836 3285 944 3369 conjux

100 3383 235 3448 Perdidit
249 3385 352 3447 infelix
366 3384 491 3446 hominis
506 3393 573 3464 post
587 3382 684 3477 omqia
699 3381 840 3457 formam5
1010 3382 1075 3444 400

102 3478 309 3566 Enemasque
324 3502 402 3544 novo
416 3481 520 3577 latratu
534 3479 635 3540 terruit
650 3499 743 3541 auras.
