2348 4102
497 1011 675 1022 .-

411 1228 759 1282 METAMORPHOSES.

518 1402 612 1473 Lm
629 1403 650 1456 I.
1009 1421 1071 1458 nu.

95 1494 254 1548 Prooemium
266 1500 293 1547 et
304 1493 398 1545 Mundi
417 1492 523 1545 creatio
529 1529 1015 1548 .............................
1055 1498 1070 1548 l

95 1573 219 1634 Quatuor
236 1572 332 1624 Mundi
349 1571 454 1622 AEtates
460 1606 1015 1624 .................................
1054 1575 1071 1626 4

95 1652 361 1721 LycaoninLupum
372 1655 486 1702 mutatus
492 1686 1014 1704 ...............................
1052 1655 1071 1706 6

94 1731 229 1783 Diluvium
234 1764 1013 1784 ..............................................
1052 1734 1071 1784 9

94 1809 244 1862 Deucalion
255 1815 284 1862 et
300 1808 400 1876 Pyrrha
405 1844 1014 1863 ....................................
1036 1813 1070 1864 13

93 1888 200 1956 Ργώοιι
206 1922 1014 1941 ................................................
1036 1892 1069 1941 15

93 1967 208 2033 Daphne
220 1967 247 2018 in
261 1966 376 2018 Laurum
387 1971 487 2017 mutata
492 2001 1013 2018 ...............................
1036 1969 1070 2020 16

92 2045 127 2100 Ιό
146 2051 174 2098 et
193 2047 281 2114 Argus
286 2079 1014 2099 ...........................................
1016 2116 1029 2137 ·
1036 2047 1069 2098 18

506 2190 601 2241 ann
618 2189 653 2240 II.

93 2280 263 2334 Pha'e'thontis
275 2281 348 2333 Mors
354 2316 1013 2335 .......................................
1034 2283 1068 2334 23

93 2358 222 2410 Heliades
234 2359 261 2410 in
279 2358 395 2409 Arbores
413 2364 518 2410 mutatae
524 2394 1012 2411 .............................
1033 2361 1068 2413 32

93 2437 199 2495 Invidiae
212 2437 314 2490 Domus
319 2471 1012 2491 .........................................
1033 2439 1068 2493 33

498 2580 593 2632 Lmen
613 2580 662 2633 III.

91 2673 221 2728 Homines
233 2687 249 2725 e
261 2672 392 2729 Dentibus
409 2672 572 2739 serpentinis
591 2673 639 2725 orti
644 2709 1011 2726 ......................
1032 2676 1067 2727 35

48 2807 52 2813 ,
92 2755 205 2805 Actaeon
215 2752 243 2805 in
254 2753 368 2806 cervum
385 2757 499 2803 mutatus
505 2787 1010 2804 ..............................
1032 2754 1066 2805 38

92 2830 190 2889 Nautae
201 2831 229 2884 in
246 2830 391 2897 Delphinoe
409 2830 501 2883 mutati
506 2866 1011 2884 ..............................
1032 2832 1067 2884 40

493 2976 589 3027 lam
612 2974 661 3026 IV.

91 3068 197 3137 Pyrami
209 3074 237 3121 et
247 3068 361 3120 Thisbes
373 3067 447 3120 Mors
452 3102 1009 3120 .................................
1031 3069 1065 3122 44

91 3147 141 3200 Ino
153 3153 182 3198 et
191 3147 331 3200 Melicerta
340 3148 366 3200 in
385 3148 459 3200 Deos
476 3146 569 3198 mutati
575 3183 1010 3201 ..........................
1031 3150 1066 3201 47

91 3225 207 3278 cadmus
218 3232 246 3279 et
257 3226 595 3293 Hennioneinserpentes
613 3227 705 3279 mutati
710 3263 1009 3281 ..................
1030 3229 1063 3279 51

91 3304 339 3362 AtlosinMontem
350 3312 464 3359 mutatus
471 3342 1009 3359 ................................
1030 3307 1065 3359 53

90 3383 204 3443 Perseos
215 3391 244 3440 et
256 3385 429 3519 Andrtinssedae
442 3384 548 3455 Nuptioe
555 3422 1007 3440 ...........................
1029 3386 1064 3439 54
