2348 4102
384 377 392 384 “
474 392 582 441 arana
607 392 654 442 xr.

76 541 190 623 Puppe
204 540 378 614 secabatur3
399 539 547 622 longeque
562 554 624 603 erat
639 554 762 624 utraque
777 541 882 618 tellus3

76 637 160 700 Ciam
176 657 256 697 mare
271 636 325 696 sub
341 649 459 696 noctem
474 636 591 699 tumidis
606 638 756 700 albescere
771 638 864 721 coepit
920 679 927 685 ,
956 671 959 677 ·

76 735 253 811 Fluctibus;
275 748 305 796 et
320 755 452 818 praeceps
467 736 575 816 spirare
591 736 735 799 valentiis
751 734 860 799 Eurus.

77 833 222 908 ‘Ardua,'
233 831 421 931 jamdudum,
438 823 604 894 ‘demittite
618 834 749 909 comua,'
765 843 861 896 rector

76 927 216 1003 Clamat;
239 935 288 989 ‘et
302 928 435 989 antennis
450 940 544 989 totum
560 929 726 990 subnectite
737 930 859 992 velum)

76 1023 137 1087 Hic
149 1024 235 1108 jubet
244 1045 252 1100 ;
274 1024 438 1106 impediunt
453 1024 582 1086 adversae
593 1024 677 1109 jussa
691 1026 846 1109 procelle:

75 1120 144 1182 Nec
159 1120 333 1182 sinitaudiri
349 1141 453 1182 vocem
468 1120 563 1201 fragor
578 1123 700 1204 aequoris
716 1122 817 1204 ullam.

76 1216 191 1298 Sponte
206 1229 305 1278 tamen
319 1230 477 1299 properant
492 1217 540 1279 alii
555 1218 719 1281 subducere
730 1240 837 1297 remos,
855 1254 858 1260 ·

75 1312 151 1374 Pars
167 1314 280 1374 munire
294 1313 388 1390 latus3
411 1335 476 1396 pars
492 1315 588 1376 ventis
603 1316 669 1378 vela
683 1337 801 1397 negare.
859 1326 862 1331 '

74 1409 180 1490 Egerit
195 1409 244 1470 hic
257 1409 375 1485 fluctus,
386 1431 543 1492 aequorque
558 1411 684 1473 refundit
697 1413 728 1474 in
742 1434 857 1496 equor:

74 1504 136 1568 Hic
150 1505 225 1587 rapit
240 1519 392 1567 antennas.
437 1503 516 1577 Quae
531 1506 601 1565 dum
616 1507 678 1566 sine
692 1509 759 1587 lege
773 1521 922 1588 geruum,
1026 1501 1029 1504 ⁴

73 1601 192 1685 Aspera
207 1602 312 1663 crescit
327 1602 440 1676 hiems3
462 1600 601 1682 omnique
617 1620 635 1661 e
649 1615 733 1682 parte
742 1601 859 1664 ,feroces

73 1697 162 1760 Bella
176 1696 388 1778 geruntventi,
404 1695 536 1779 steteque
550 1697 728 1776 indignantia
743 1698 878 1760 miscent.

117 1793 187 1876 Ipse
202 1807 293 1875 pavet
302 1813 311 1869 ;
332 1813 389 1854 noc
404 1813 447 1868 se,
464 1793 513 1875 qui
527 1793 564 1855 sit
577 1807 679 1870 status,
694 1795 760 1877 ipse
774 1795 880 1858 fatetur

73 1889 159 1951 Scire
174 1888 242 1951 ratis
257 1903 369 1965 rector3
390 1910 447 1951 nec
463 1891 533 1972 quid
545 1890 697 1973 jubeatve‚
712 1900 832 1955 vetetve
842 1881 857 1954 :⁴

60 1985 176 2047 -Tanta
190 1985 259 2047 mali
274 1986 377 2061 moles,
392 1985 514 2067 totique
528 1987 676 2067 potentior
689 2001 751 2048 arte
767 1989 822 2050 est.
903 2002 904 2005 ’

73 2079 202 2163 Quippe
217 2094 320 2142 sonant
333 2081 462 2142 clamore
479 2081 542 2156 viri,
557 2080 680 2142 stridore
694 2082 842 2160 rudentes,

72 2175 232 2239 Undarum
246 2179 362 2239 incursu
375 2178 472 2258 gravis
485 2177 574 2254 unda,
590 2177 743 2240 tonitribus
757 2179 857 2240 aether.

73 2272 231 2335 Fluctibus
246 2267 374 2355 erigitur,
388 2273 558 2355 coelumque
574 2295 689 2357 aequare
705 2275 821 2337 videtur

12 2373 15 2380 ’
73 2368 200 2445 Pontus,
216 2382 247 2430 et
260 2370 393 2430 inductas
409 2369 582 2449 adspergine
597 2370 710 2448 tingere
726 2371 830 2431 nubes.

73 2463 117 2526 Et
133 2464 232 2541 modi),
247 2464 316 2526 clim
331 2463 425 2525 firlvas
440 2465 554 2523 eximo
569 2464 656 2524 verrit
671 2484 784 2540 areana,

73 2558 226 2622 Concolor
241 2574 285 2621 est
299 2561 372 2635 illis;
396 2558 501 2642 Stygii
514 2559 604 2620 modb
618 2559 725 2640 nigrior
737 2558 835 2622 andi:

73 2656 221 2719 Sternitur
236 2655 393 2731 interdum,
408 2656 578 2738 spumisque
593 2656 762 2718 sonantibus
776 2656 866 2719 albet.

31 2760 54 2793 ⁴*
73 2751 145 2834 Ipsa
156 2772 277 2835 quoque
292 2752 337 2813 his
352 2752 447 2832 agitur
461 2753 571 2814 vicibus
587 2751 747 2815 Trachinia
762 2756 887 2837 puppis:

72 2847 119 2910 Et
133 2848 223 2908 modo
238 2849 377 2924 sublimis,
392 2849 485 2910 veluti
500 2849 536 2909 de
553 2849 663 2910 vertice
677 2850 795 2924 montis,
929 2922 931 2925 Ι

72 2943 241 3025 Despicere
256 2945 285 3005 in
300 2944 402 3019 valles,
416 2944 567 3024 imumque
583 2943 755 3004 Acheronta
769 2941 901 3006 videtur:

72 3039 106 3102 N
108 3060 176 3124 unc,
192 3040 242 3101 ubi
256 3039 413 3101 demissam
427 3057 551 3099 curvum
565 3038 756 3100 circumstetit
770 3059 877 3124 aequor,

72 3136 234 3218 Suspicere
250 3136 363 3199 inferno
377 3155 525 3196 summum
540 3133 578 3195 de
594 3136 707 3217 gurgite
722 3136 843 3199 coelum.

72 3232 163 3314 Saepe
178 3232 229 3294 dat
242 3233 392 3313 ingentem
408 3231 499 3293 fluctu
513 3231 588 3293 latus
603 3232 660 3293 icta
674 3232 834 3314 fragorem:

72 3327 106 3392 N
109 3349 143 3390 ec
159 3329 253 3390 levitis
268 3329 383 3411 pulsata
397 3342 491 3404 sonat,
508 3330 596 3411 quam
611 3328 720 3390 ferreus
732 3331 805 3392 olim

71 3424 158 3486 Cum
173 3425 284 3486 laceras
299 3426 373 3486 aries
386 3425 539 3486 ballistave
554 3425 685 3511 concutit
700 3445 793 3486 arces.

71 3519 179 3603 thue
194 3521 300 3599 solent,
315 3521 439 3606 sumptis
454 3521 583 3583 incursu
599 3520 718 3597 viribus,
730 3522 774 3582 ire
