2348 4102
300 402 305 409 .
488 316 669 387 marana.
1013 329 1095 392 149·

100 479 184 546 Cum
197 480 316 546 Junone
330 482 434 565 magis.
478 483 563 557 Quid
578 507 655 547 nunc
670 486 790 568 antiqua
803 488 939 549 recordor

100 578 222 642 Damna
236 580 295 641 mei
309 581 445 662 generis?
467 581 554 643 timor
568 582 616 644 hic
630 583 799 644 meminisse
814 584 943 665 priorum

99 674 170 737 Non
186 675 263 736 sinit.
284 695 290 704 ’
309 675 344 736 ln
359 697 408 738 me
424 677 490 738 acui
503 679 660 740 sceleratos
674 669 792 741 cernitis
806 701 910 755 enses3

99 769 188 843 Quos
203 772 368 854 prohibete,
384 793 505 854 precor3
527 773 697 856 facinusque
713 775 863 856 repellite:
886 793 963 837 neve
1011 777 1074 838 230
1105 780 1120 837 ’.

99 867 193 930 Caede
209 869 367 930 sacerdotis
382 868 516 930 flammas
531 870 710 949 exstinguite
727 868 849 931 Vestae)

141 962 229 1025 Talia
243 956 442 1047 nequicquam
454 978 517 1026 toto
532 963 638 1026 Venus
653 966 741 1027 anxia
754 967 833 1028 ooelo
858 1046 861 1047 ⁷

100 1057 200 1120 Verba
220 1059 303 1143 jacit,
318 1049 499 1143 superosque
514 1075 626 1123 movet.
672 1059 736 1133 Qui
751 1082 889 1144 rumpere
906 1083 1073 1144 quanquam

98 1153 212 1217 Ferrea
226 1179 285 1218 non
300 1170 423 1239 possunt
437 1171 572 1219 veterum
587 1158 707 1222 decreta
722 1158 873 1235 Sororum,
1080 1233 1081 1237 Ἰ

98 1250 190 1332 Signa
204 1265 303 1336 tamen
318 1252 413 1315 luctirs
429 1253 500 1315 dant
514 1254 592 1315 haud
608 1254 718 1316 incerta
733 1253 831 1316 firturi.
1012 1257 1074 1316 235

141 1348 234 1409 Arma
245 1348 346 1410 -serunt
360 1349 434 1410 inter
447 1350 543 1430 nigras
557 1350 730 1432 crepitantia
744 1352 849 1429 nubes,

97 1440 318 1526 Terribilesque
332 1445 428 1519 tubas,
444 1445 601 1526 auditaque
616 1467 726 1507 cornua
740 1448 818 1509 coelo

97 1537 314 1602 Praemonuisse
329 1538 421 1600 nefas.
464 1539 574 1601 Phoebi
590 1559 708 1621 quoque
722 1541 810 1603 tristis
825 1545 922 1622 imago

97 1634 211 1697 Lurida
225 1635 354 1696 sollicitis
370 1634 519 1716 praebebat
533 1634 645 1695 lumina
659 1635 752 1696 terris.
806 1625 812 1708 Α,
867 1629 869 1633 ’

98 1730 186 1814 Saepe
201 1728 281 1791 faces
297 1729 365 1791 visae
379 1730 482 1792 mediis
497 1729 598 1792 ardere
615 1730 669 1791 sub
685 1730 786 1792 astris:
1012 1732 1076 1794 240

98 1821 186 1908 Saepe
201 1826 277 1887 inter
291 1826 406 1888 nimbos
422 1839 510 1907 guttae
525 1817 660 1888 cecidere
678 1840 817 1889 cruentae.

98 1920 234 1985 Catulus
249 1935 279 1982 et
295 1922 409 1982 vultum
425 1922 570 2002 ferrugine
585 1920 707 1983 Lucifer
717 1921 784 1983 ‘atrb

99 2018 224 2101 Sparsus
240 2032 318 2079 erat:
339 2018 435 2098 sparsi
449 2016 584 2079 Lunares
597 2019 740 2099 sanguine
753 2038 866 2095 curnis.

98 2113 208 2177 Tristia
222 2115 302 2176 mille
317 2115 388 2176 locis
404 2113 525 2197 Stygius
540 2114 622 2177 dedit
636 2115 734 2178 omina
748 2116 845 2177 bubo:
907 2155 910 2158 -

100 2211 185 2274 Mille
200 2211 271 2273 locis
282 2211 454 2293 lacrymavit
465 2213 554 2274 ebur:
577 2227 742 2295 cantusque
752 2212 884 2275 feruntur
1011 2213 1075 2275 245
1117 2254 1119 2258 =

98 2307 214 2384 Auditi,
229 2308 335 2368 sanctis
350 2320 380 2368 et
394 2308 484 2368 verba
497 2309 621 2396 minacia
635 2309 720 2372 lucis.
758 2376 760 2379 ,

103 2401 231 2466 Victima
245 2404 325 2464 nulla
338 2403 419 2463 litat:
443 2424 624 2486 magnosque
639 2405 746 2466 instare
760 2406 904 2468 tumultus

98 2497 190 2567 Fibra
204 2512 323 2576 monet3
344 2518 513 2581 caesumque
528 2512 617 2582 caput
631 2500 775 2581 reperitur
788 2501 819 2560 in
834 2501 921 2562 extis.

98 2595 194 2680 Inque
210 2596 282 2672 soro,
297 2596 468 2679 circumque
483 2596 597 2672 domos,
613 2609 643 2657 et
657 2596 769 2679 templa
785 2597 907 2659 deorum

99 2692 268 2756 Nocturnus
281 2693 410 2754 ululasse
425 2713 514 2754 canes
524 2714 532 2769 ;
555 2693 731 2776 umbrasque
746 2693 884 2756 silentiam
1012 2694 1076 2757 250
1153 2703 1156 2706 ’

99 2789 251 2852 Erravisse
267 2788 373 2866 serunt,
387 2801 558 2872 motamque
573 2790 747 2852 tremoribus
762 2791 877 2851 urbem.

98 2885 169 2949 Non
184 2900 282 2948 tamen
298 2886 426 2962 insidias,
440 2899 623 2966 venturaque
639 2885 757 2945 vincere
772 2883 831 2945 fata

97 2972 293 3045 Praemonitus
308 2981 432 3064 potuere
449 2980 555 3041 dedm:
580 2978 729 3060 strictique
746 2977 876 3041 seruntur
945 3014 948 3019 ·

98 3078 134 3141 ln
149 3080 294 3162 templum
308 3078 414 3160 gladii:
438 3097 535 3160 neque
551 3075 630 3136 enirn
644 3075 727 3139 locus
741 3074 817 3137 ullus
832 3076 861 3138 in
877 3074 974 3149 Urbe¹

98 3176 151 3238 Ad
167 3175 288 3253 sasinus,
304 3176 455 3259 diramque
470 3174 578 3256 placet,
593 3172 648 3235 nisi
664 3171 766 3250 Curia,
780 3174 904 3235 cadem.
1012 3173 1076 3235 255

141 3272 224 3335 Turn
241 3273 311 3333 verb
326 3272 480 3354 Cytherea
494 3292 582 3333 manu
600 3271 742 3353 percussit
755 3271 880 3353 utraque

99 3368 229 3432 Pectus:
252 3384 282 3432 et
297 3369 425 3432 aethereis
437 3368 555 3431 molitur
567 3369 694 3430 condere
709 3368 799 3443 nube,

99 3466 174 3540 Qut
188 3467 269 3552 priris
284 3465 390 3529 infesto
405 3462 489 3527 Paris
504 3477 549 3528 est
564 3479 683 3550 ereptus
698 3461 821 3539 Atrida,

402 3562 471 3626 13*
