<?xml version="1.0" encoding="UTF-8"?>
<!DOCTYPE html PUBLIC "-//W3C//DTD XHTML 1.0 Transitional//EN"
    "http://www.w3.org/TR/xhtml1/DTD/xhtml1-transitional.dtd">
<html xmlns="http://www.w3.org/1999/xhtml" xml:lang="en" lang="en">
 <head>
  <title>
</title>
<meta http-equiv="Content-Type" content="text/html;charset=utf-8" />
  <meta name='ocr-system' content='tesseract 3.04.00' />
  <meta name='ocr-capabilities' content='ocr_page ocr_carea ocr_par ocr_line ocrx_word'/>
</head>
<body>
  <div class='ocr_page' id='page_1' title='image "./excerptaexscrip00goulgoog_0151.png"; bbox 0 0 2348 4102; ppageno 0'>
   <div class='ocr_carea' id='block_1_1' title="bbox 138 292 793 374">
    <p class='ocr_par' dir='ltr' id='par_1_1' title="bbox 138 292 793 374">
     <span class='ocr_line' id='line_1_1' title="bbox 138 292 793 374; baseline -0.012 0"><span class='ocrx_word' id='word_1_1' title='bbox 138 312 198 374; x_wconf 79' lang='lat'><strong>138</strong></span> <span class='ocrx_word' id='word_1_2' title='bbox 447 292 793 368; x_wconf 78' lang='lat' dir='ltr'><strong>neranonrnosnort</strong></span> 
     </span>
    </p>
   </div>
   <div class='ocr_carea' id='block_1_2' title="bbox 52 463 1114 3324">
    <p class='ocr_par' dir='ltr' id='par_1_2' title="bbox 52 463 1114 3324">
     <span class='ocr_line' id='line_1_2' title="bbox 135 463 935 547; baseline -0.006 -17"><span class='ocrx_word' id='word_1_3' title='bbox 135 464 281 547; x_wconf 83' lang='lat' dir='ltr'>Corniger</span> <span class='ocrx_word' id='word_1_4' title='bbox 295 464 465 546; x_wconf 83' lang='lat' dir='ltr'><strong>exsequitur</strong></span> <span class='ocrx_word' id='word_1_5' title='bbox 481 463 607 525; x_wconf 88' lang='lat' dir='ltr'><strong>Veneris</strong></span> <span class='ocrx_word' id='word_1_6' title='bbox 625 463 782 526; x_wconf 67' lang='lat' dir='ltr'><strong>mandam</strong></span> <span class='ocrx_word' id='word_1_7' title='bbox 804 481 935 546; x_wconf 81' lang='lat' dir='ltr'><strong>suisque,</strong></span> 
     </span>
     <span class='ocr_line' id='line_1_3' title="bbox 136 561 948 643; baseline -0.004 -20"><span class='ocrx_word' id='word_1_8' title='bbox 136 561 288 643; x_wconf 83' lang='lat' dir='ltr'><strong>Quicquid</strong></span> <span class='ocrx_word' id='word_1_9' title='bbox 304 562 332 622; x_wconf 93' lang='lat' dir='ltr'><strong>in</strong></span> <span class='ocrx_word' id='word_1_10' title='bbox 349 561 448 622; x_wconf 83' lang='lat' dir='ltr'><strong>AEneri</strong></span> <span class='ocrx_word' id='word_1_11' title='bbox 462 561 556 622; x_wconf 85' lang='lat' dir='ltr'><strong>fuerat</strong></span> <span class='ocrx_word' id='word_1_12' title='bbox 571 561 705 634; x_wconf 78' lang='lat' dir='ltr'>mortale,</span> <span class='ocrx_word' id='word_1_13' title='bbox 719 573 867 640; x_wconf 78' lang='lat' dir='ltr'><strong>repurgat,</strong></span> <span class='ocrx_word' id='word_1_14' title='bbox 944 621 948 627; x_wconf 76' lang='grc'><strong>,</strong></span> 
     </span>
     <span class='ocr_line' id='line_1_4' title="bbox 136 654 893 738; baseline -0.005 -18"><span class='ocrx_word' id='word_1_15' title='bbox 136 655 177 720; x_wconf 88' lang='lat' dir='ltr'><strong>Et</strong></span> <span class='ocrx_word' id='word_1_16' title='bbox 192 657 333 738; x_wconf 83' lang='lat' dir='ltr'><strong>respergit</strong></span> <span class='ocrx_word' id='word_1_17' title='bbox 347 657 439 737; x_wconf 88' lang='lat' dir='ltr'><strong>aquis.</strong></span> <span class='ocrx_word' id='word_1_18' title='bbox 485 654 558 717; x_wconf 90' lang='lat' dir='ltr'><strong>Pars</strong></span> <span class='ocrx_word' id='word_1_19' title='bbox 573 655 685 737; x_wconf 88' lang='lat' dir='ltr'><strong>optima</strong></span> <span class='ocrx_word' id='word_1_20' title='bbox 698 654 803 717; x_wconf 88' lang='lat' dir='ltr'><strong>restitit</strong></span> <span class='ocrx_word' id='word_1_21' title='bbox 815 654 868 716; x_wconf 91' lang='lat' dir='ltr'><strong>illi.</strong></span> <span class='ocrx_word' id='word_1_22' title='bbox 891 722 893 726; x_wconf 59' lang='grc'>,</span> 
     </span>
     <span class='ocr_line' id='line_1_5' title="bbox 135 749 784 832; baseline -0.006 -18"><span class='ocrx_word' id='word_1_23' title='bbox 135 751 306 814; x_wconf 82' lang='lat' dir='ltr'><strong>Lustratum</strong></span> <span class='ocrx_word' id='word_1_24' title='bbox 321 753 446 832; x_wconf 85' lang='lat' dir='ltr'><strong>genitrix</strong></span> <span class='ocrx_word' id='word_1_25' title='bbox 461 751 559 813; x_wconf 85' lang='lat' dir='ltr'><strong>divino</strong></span> <span class='ocrx_word' id='word_1_26' title='bbox 573 772 680 832; x_wconf 92' lang='lat' dir='ltr'><strong>corpus</strong></span> <span class='ocrx_word' id='word_1_27' title='bbox 695 749 784 811; x_wconf 89' lang='lat' dir='ltr'><strong>odore</strong></span> 
     </span>
     <span class='ocr_line' id='line_1_6' title="bbox 94 845 1107 922; baseline 0.004 -16"><span class='ocrx_word' id='word_1_28' title='bbox 94 902 97 906; x_wconf 84' lang='lat'>.</span> <span class='ocrx_word' id='word_1_29' title='bbox 136 846 243 922; x_wconf 81' lang='lat' dir='ltr'><strong>Unxit,</strong></span> <span class='ocrx_word' id='word_1_30' title='bbox 258 863 289 910; x_wconf 90' lang='lat' dir='ltr'><strong>et</strong></span> <span class='ocrx_word' id='word_1_31' title='bbox 303 848 449 910; x_wconf 70' lang='lat' dir='ltr'><strong>ambrosia</strong></span> <span class='ocrx_word' id='word_1_32' title='bbox 462 868 531 909; x_wconf 92' lang='lat' dir='ltr'><strong>cum</strong></span> <span class='ocrx_word' id='word_1_33' title='bbox 546 847 624 908; x_wconf 93' lang='lat' dir='ltr'><strong>dulci</strong></span> <span class='ocrx_word' id='word_1_34' title='bbox 639 860 756 908; x_wconf 89' lang='lat' dir='ltr'><strong>nectare</strong></span> <span class='ocrx_word' id='word_1_35' title='bbox 772 845 867 907; x_wconf 68' lang='lat' dir='ltr'><strong>mixti</strong></span> <span class='ocrx_word' id='word_1_36' title='bbox 1068 849 1107 910; x_wconf 81' lang='lat'><strong>95</strong></span> 
     </span>
     <span class='ocr_line' id='line_1_7' title="bbox 137 940 937 1026; baseline -0.003 -20"><span class='ocrx_word' id='word_1_37' title='bbox 137 942 272 1024; x_wconf 87' lang='lat' dir='ltr'><strong>Contigit</strong></span> <span class='ocrx_word' id='word_1_38' title='bbox 286 965 328 1020; x_wconf 87' lang='lat' dir='ltr'><strong>os,</strong></span> <span class='ocrx_word' id='word_1_39' title='bbox 344 943 471 1026; x_wconf 84' lang='lat' dir='ltr'><strong>fecitque</strong></span> <span class='ocrx_word' id='word_1_40' title='bbox 487 944 592 1004; x_wconf 90' lang='lat' dir='ltr'><strong>deum:</strong></span> <span class='ocrx_word' id='word_1_41' title='bbox 616 963 705 1024; x_wconf 89' lang='lat' dir='ltr'><strong>quem</strong></span> <span class='ocrx_word' id='word_1_42' title='bbox 720 942 805 1004; x_wconf 83' lang='lat' dir='ltr'><strong>turba</strong></span> <span class='ocrx_word' id='word_1_43' title='bbox 819 940 937 1014; x_wconf 86' lang='lat' dir='ltr'><strong>Quirini</strong></span> 
     </span>
     <span class='ocr_line' id='line_1_8' title="bbox 138 1035 957 1122; baseline -0.005 -20"><span class='ocrx_word' id='word_1_44' title='bbox 138 1035 300 1122; x_wconf 86' lang='lat' dir='ltr'><strong>Nuncnpat</strong></span> <span class='ocrx_word' id='word_1_45' title='bbox 315 1040 497 1121; x_wconf 81' lang='lat' dir='ltr'><strong>Indigetem3</strong></span> <span class='ocrx_word' id='word_1_46' title='bbox 519 1040 689 1120; x_wconf 91' lang='lat' dir='ltr'><strong>temploque</strong></span> <span class='ocrx_word' id='word_1_47' title='bbox 704 1039 818 1119; x_wconf 89' lang='lat' dir='ltr'><strong>arisque</strong></span> <span class='ocrx_word' id='word_1_48' title='bbox 834 1038 957 1121; x_wconf 86' lang='lat' dir='ltr'><strong>recepit.</strong></span> 
     </span>
     <span class='ocr_line' id='line_1_9' title="bbox 181 1133 859 1208; baseline -0.004 -11"><span class='ocrx_word' id='word_1_49' title='bbox 181 1135 254 1196; x_wconf 92' lang='lat' dir='ltr'><strong>Inde</strong></span> <span class='ocrx_word' id='word_1_50' title='bbox 270 1137 323 1197; x_wconf 93' lang='lat' dir='ltr'><strong>sub</strong></span> <span class='ocrx_word' id='word_1_51' title='bbox 338 1137 460 1197; x_wconf 90' lang='lat' dir='ltr'><strong>Ascanii</strong></span> <span class='ocrx_word' id='word_1_52' title='bbox 474 1136 582 1196; x_wconf 89' lang='lat' dir='ltr'><strong>ditione</strong></span> <span class='ocrx_word' id='word_1_53' title='bbox 597 1134 752 1195; x_wconf 87' lang='lat' dir='ltr'><strong>binominis</strong></span> <span class='ocrx_word' id='word_1_54' title='bbox 767 1133 859 1208; x_wconf 83' lang='lat' dir='ltr'><strong>Alba,</strong></span> 
     </span>
     <span class='ocr_line' id='line_1_10' title="bbox 138 1228 820 1312; baseline -0.004 -19"><span class='ocrx_word' id='word_1_55' title='bbox 138 1229 261 1312; x_wconf 89' lang='lat' dir='ltr'><strong>Resque</strong></span> <span class='ocrx_word' id='word_1_56' title='bbox 277 1231 383 1293; x_wconf 88' lang='lat' dir='ltr'><strong>Latina</strong></span> <span class='ocrx_word' id='word_1_57' title='bbox 398 1231 468 1292; x_wconf 83' lang='lat' dir='ltr'><strong>luit:</strong></span> <span class='ocrx_word' id='word_1_58' title='bbox 492 1231 622 1292; x_wconf 87' lang='lat' dir='ltr'><strong>succedit</strong></span> <span class='ocrx_word' id='word_1_59' title='bbox 637 1230 745 1291; x_wconf 88' lang='lat' dir='ltr'><strong>Silvius</strong></span> <span class='ocrx_word' id='word_1_60' title='bbox 760 1228 820 1290; x_wconf 90' lang='lat' dir='ltr'><strong>illi:</strong></span> 
     </span>
     <span class='ocr_line' id='line_1_11' title="bbox 138 1324 1106 1407; baseline 0.002 -21"><span class='ocrx_word' id='word_1_61' title='bbox 138 1324 212 1397; x_wconf 83' lang='lat' dir='ltr'><strong>Quo</strong></span> <span class='ocrx_word' id='word_1_62' title='bbox 226 1339 316 1399; x_wconf 89' lang='lat' dir='ltr'><strong>satus,</strong></span> <span class='ocrx_word' id='word_1_63' title='bbox 328 1327 447 1407; x_wconf 87' lang='lat' dir='ltr'><strong>antiquo</strong></span> <span class='ocrx_word' id='word_1_64' title='bbox 462 1326 555 1386; x_wconf 90' lang='lat' dir='ltr'><strong>tenuit</strong></span> <span class='ocrx_word' id='word_1_65' title='bbox 570 1326 694 1405; x_wconf 90' lang='lat' dir='ltr'><strong>repetita</strong></span> <span class='ocrx_word' id='word_1_66' title='bbox 709 1325 834 1386; x_wconf 90' lang='lat' dir='ltr'><strong>Latinus</strong></span> <span class='ocrx_word' id='word_1_67' title='bbox 1051 1329 1106 1389; x_wconf 85' lang='lat'><strong>1⁰⁰</strong></span> 
     </span>
     <span class='ocr_line' id='line_1_12' title="bbox 139 1418 1020 1503; baseline 0.001 -21"><span class='ocrx_word' id='word_1_68' title='bbox 139 1418 268 1482; x_wconf 91' lang='lat' dir='ltr'><strong>Nomina</strong></span> <span class='ocrx_word' id='word_1_69' title='bbox 282 1442 349 1482; x_wconf 90' lang='lat' dir='ltr'><strong>cum</strong></span> <span class='ocrx_word' id='word_1_70' title='bbox 365 1436 492 1503; x_wconf 89' lang='lat' dir='ltr'><strong>sceptro.</strong></span> <span class='ocrx_word' id='word_1_71' title='bbox 537 1419 660 1482; x_wconf 89' lang='lat' dir='ltr'><strong>Clarum</strong></span> <span class='ocrx_word' id='word_1_72' title='bbox 675 1421 750 1482; x_wconf 91' lang='lat' dir='ltr'><strong>subit</strong></span> <span class='ocrx_word' id='word_1_73' title='bbox 767 1420 846 1483; x_wconf 92' lang='lat' dir='ltr'><strong>Alba</strong></span> <span class='ocrx_word' id='word_1_74' title='bbox 862 1419 1020 1483; x_wconf 72' lang='lat' dir='ltr'><strong>latinum:</strong></span> 
     </span>
     <span class='ocr_line' id='line_1_13' title="bbox 138 1515 1043 1600; baseline 0.001 -22"><span class='ocrx_word' id='word_1_75' title='bbox 138 1515 245 1598; x_wconf 83' lang='lat' dir='ltr'><strong>Epitos</strong></span> <span class='ocrx_word' id='word_1_76' title='bbox 260 1538 298 1578; x_wconf 83' lang='lat' dir='ltr'><strong>ex</strong></span> <span class='ocrx_word' id='word_1_77' title='bbox 313 1517 363 1578; x_wconf 88' lang='lat' dir='ltr'><strong>illo</strong></span> <span class='ocrx_word' id='word_1_78' title='bbox 377 1529 440 1578; x_wconf 89' lang='lat' dir='ltr'><strong>est:</strong></span> <span class='ocrx_word' id='word_1_79' title='bbox 462 1519 622 1600; x_wconf 88' lang='lat' dir='ltr'><strong>posthunc</strong></span> <span class='ocrx_word' id='word_1_80' title='bbox 637 1515 841 1599; x_wconf 81' lang='lat' dir='ltr'><strong>Capetusque,</strong></span> <span class='ocrx_word' id='word_1_81' title='bbox 858 1515 1043 1600; x_wconf 88' lang='lat' dir='ltr'><strong>Capysque;</strong></span> 
     </span>
     <span class='ocr_line' id='line_1_14' title="bbox 138 1611 964 1695; baseline -0.001 -20"><span class='ocrx_word' id='word_1_82' title='bbox 138 1612 201 1675; x_wconf 88' lang='lat' dir='ltr'><strong>Sed</strong></span> <span class='ocrx_word' id='word_1_83' title='bbox 217 1612 320 1695; x_wconf 84' lang='lat' dir='ltr'><strong>Capys</strong></span> <span class='ocrx_word' id='word_1_84' title='bbox 336 1614 403 1675; x_wconf 73' lang='lat' dir='ltr'><strong>ante</strong></span> <span class='ocrx_word' id='word_1_85' title='bbox 420 1612 483 1675; x_wconf 86' lang='lat' dir='ltr'><strong>suit.</strong></span> <span class='ocrx_word' id='word_1_86' title='bbox 529 1611 668 1694; x_wconf 81' lang='lat' dir='ltr'><strong>Regnum</strong></span> <span class='ocrx_word' id='word_1_87' title='bbox 684 1613 842 1674; x_wconf 89' lang='lat' dir='ltr'><strong>Tiberinus</strong></span> <span class='ocrx_word' id='word_1_88' title='bbox 857 1613 964 1674; x_wconf 90' lang='lat' dir='ltr'><strong>abillis</strong></span> 
     </span>
     <span class='ocr_line' id='line_1_15' title="bbox 139 1701 863 1789; baseline -0.003 -19"><span class='ocrx_word' id='word_1_89' title='bbox 139 1706 232 1789; x_wconf 85' lang='lat' dir='ltr'><strong>Cepit</strong></span> <span class='ocrx_word' id='word_1_90' title='bbox 241 1731 249 1784; x_wconf 92' lang='lat'>;</span> <span class='ocrx_word' id='word_1_91' title='bbox 272 1723 302 1770; x_wconf 88' lang='lat' dir='ltr'><strong>et</strong></span> <span class='ocrx_word' id='word_1_92' title='bbox 317 1710 345 1770; x_wconf 91' lang='lat' dir='ltr'><strong>iu</strong></span> <span class='ocrx_word' id='word_1_93' title='bbox 360 1708 453 1770; x_wconf 89' lang='lat' dir='ltr'><strong>Tusci</strong></span> <span class='ocrx_word' id='word_1_94' title='bbox 470 1710 620 1770; x_wconf 89' lang='lat' dir='ltr'><strong>demersus</strong></span> <span class='ocrx_word' id='word_1_95' title='bbox 635 1701 863 1769; x_wconf 73' lang='lat' dir='ltr'><strong>fluminis&#39;undis</strong></span> 
     </span>
     <span class='ocr_line' id='line_1_16' title="bbox 139 1801 1107 1887; baseline 0.001 -23"><span class='ocrx_word' id='word_1_96' title='bbox 139 1801 269 1865; x_wconf 88' lang='lat' dir='ltr'><strong>Nomina</strong></span> <span class='ocrx_word' id='word_1_97' title='bbox 283 1803 352 1864; x_wconf 89' lang='lat' dir='ltr'><strong>secit</strong></span> <span class='ocrx_word' id='word_1_98' title='bbox 367 1825 460 1886; x_wconf 87' lang='lat' dir='ltr'><strong>aquae.</strong></span> <span class='ocrx_word' id='word_1_99' title='bbox 506 1803 555 1864; x_wconf 92' lang='lat' dir='ltr'><strong>De</strong></span> <span class='ocrx_word' id='word_1_100' title='bbox 572 1825 632 1885; x_wconf 94' lang='lat' dir='ltr'><strong>quo</strong></span> <span class='ocrx_word' id='word_1_101' title='bbox 646 1803 862 1884; x_wconf 89' lang='lat' dir='ltr'><strong>Remulusque,</strong></span> <span class='ocrx_word' id='word_1_102' title='bbox 879 1802 1024 1887; x_wconf 79' lang='lat' dir='ltr'><strong>feroxque</strong></span> <span class='ocrx_word' id='word_1_103' title='bbox 1052 1805 1107 1866; x_wconf 81' lang='lat'><strong>105</strong></span> 
     </span>
     <span class='ocr_line' id='line_1_17' title="bbox 139 1898 877 1981; baseline -0.003 -20"><span class='ocrx_word' id='word_1_104' title='bbox 139 1899 251 1961; x_wconf 82' lang='lat' dir='ltr'><strong>Acrota</strong></span> <span class='ocrx_word' id='word_1_105' title='bbox 265 1913 332 1961; x_wconf 89' lang='lat' dir='ltr'><strong>sunt</strong></span> <span class='ocrx_word' id='word_1_106' title='bbox 348 1900 455 1981; x_wconf 86' lang='lat' dir='ltr'><strong>geniti:</strong></span> <span class='ocrx_word' id='word_1_107' title='bbox 479 1898 626 1960; x_wconf 91' lang='lat' dir='ltr'><strong>Remulus</strong></span> <span class='ocrx_word' id='word_1_108' title='bbox 641 1899 779 1960; x_wconf 81' lang='lat' dir='ltr'><strong>maturior</strong></span> <span class='ocrx_word' id='word_1_109' title='bbox 794 1899 877 1960; x_wconf 89' lang='lat' dir='ltr'><strong>anuis</strong></span> 
     </span>
     <span class='ocr_line' id='line_1_18' title="bbox 140 1995 790 2078; baseline -0.005 -20"><span class='ocrx_word' id='word_1_110' title='bbox 140 1995 298 2058; x_wconf 83' lang='lat' dir='ltr'><strong>Fulmineo</strong></span> <span class='ocrx_word' id='word_1_111' title='bbox 314 1998 409 2078; x_wconf 90' lang='lat' dir='ltr'><strong>periit,</strong></span> <span class='ocrx_word' id='word_1_112' title='bbox 426 1997 551 2058; x_wconf 80' lang='lat' dir='ltr'><strong>imitator</strong></span> <span class='ocrx_word' id='word_1_113' title='bbox 566 1995 704 2071; x_wconf 81' lang='lat' dir='ltr'><strong>fulminis,</strong></span> <span class='ocrx_word' id='word_1_114' title='bbox 720 1996 790 2057; x_wconf 89' lang='lat' dir='ltr'><strong>ictu.</strong></span> 
     </span>
     <span class='ocr_line' id='line_1_19' title="bbox 139 2090 872 2173; baseline -0.001 -21"><span class='ocrx_word' id='word_1_115' title='bbox 139 2090 244 2153; x_wconf 83' lang='lat' dir='ltr'><strong>Fratre</strong></span> <span class='ocrx_word' id='word_1_116' title='bbox 260 2114 314 2153; x_wconf 92' lang='lat' dir='ltr'><strong>suo</strong></span> <span class='ocrx_word' id='word_1_117' title='bbox 328 2108 477 2173; x_wconf 83' lang='lat' dir='ltr'><strong>sceptrum</strong></span> <span class='ocrx_word' id='word_1_118' title='bbox 491 2093 667 2152; x_wconf 88' lang='lat' dir='ltr'><strong>moderatior</strong></span> <span class='ocrx_word' id='word_1_119' title='bbox 681 2091 793 2153; x_wconf 84' lang='lat' dir='ltr'><strong>Acrota</strong></span> <span class='ocrx_word' id='word_1_120' title='bbox 807 2091 872 2154; x_wconf 86' lang='lat' dir='ltr'><strong>sorti</strong></span> 
     </span>
     <span class='ocr_line' id='line_1_20' title="bbox 139 2185 856 2266; baseline 0.003 -19"><span class='ocrx_word' id='word_1_121' title='bbox 139 2185 245 2247; x_wconf 86' lang='lat' dir='ltr'><strong>Tradit</strong></span> <span class='ocrx_word' id='word_1_122' title='bbox 260 2188 426 2248; x_wconf 84' lang='lat' dir='ltr'><strong>Aventino:</strong></span> <span class='ocrx_word' id='word_1_123' title='bbox 451 2188 499 2266; x_wconf 92' lang='lat' dir='ltr'><strong>qui</strong></span> <span class='ocrx_word' id='word_1_124' title='bbox 516 2208 575 2266; x_wconf 94' lang='lat' dir='ltr'><strong>quo</strong></span> <span class='ocrx_word' id='word_1_125' title='bbox 590 2187 735 2266; x_wconf 74' lang='lat' dir='ltr'><strong>regnarat,</strong></span> <span class='ocrx_word' id='word_1_126' title='bbox 750 2188 856 2250; x_wconf 78' lang='lat' dir='ltr'><strong>eodem</strong></span> 
     </span>
     <span class='ocr_line' id='line_1_21' title="bbox 139 2281 1110 2365; baseline 0.002 -22"><span class='ocrx_word' id='word_1_127' title='bbox 139 2282 245 2344; x_wconf 89' lang='lat' dir='ltr'><strong>Monte</strong></span> <span class='ocrx_word' id='word_1_128' title='bbox 257 2281 338 2365; x_wconf 85' lang='lat' dir='ltr'><strong>jacet</strong></span> <span class='ocrx_word' id='word_1_129' title='bbox 353 2283 482 2363; x_wconf 84' lang='lat' dir='ltr'><strong>positus3</strong></span> <span class='ocrx_word' id='word_1_130' title='bbox 504 2281 661 2364; x_wconf 81' lang='lat' dir='ltr'><strong>tribuitque</strong></span> <span class='ocrx_word' id='word_1_131' title='bbox 677 2283 821 2344; x_wconf 87' lang='lat' dir='ltr'><strong>vocabula</strong></span> <span class='ocrx_word' id='word_1_132' title='bbox 838 2285 940 2345; x_wconf 90' lang='lat' dir='ltr'><strong>monti.</strong></span> <span class='ocrx_word' id='word_1_133' title='bbox 1051 2287 1110 2345; x_wconf 88' lang='grc'><strong>110</strong></span> 
     </span>
     <span class='ocr_line' id='line_1_22' title="bbox 139 2376 954 2460; baseline 0.004 -22"><span class='ocrx_word' id='word_1_134' title='bbox 139 2376 266 2460; x_wconf 89' lang='lat' dir='ltr'><strong>Jamque</strong></span> <span class='ocrx_word' id='word_1_135' title='bbox 282 2377 422 2440; x_wconf 81' lang='lat' dir='ltr'><strong>Palatina</strong></span> <span class='ocrx_word' id='word_1_136' title='bbox 437 2399 582 2440; x_wconf 92' lang='lat' dir='ltr'><strong>summam</strong></span> <span class='ocrx_word' id='word_1_137' title='bbox 597 2377 694 2441; x_wconf 88' lang='lat' dir='ltr'><strong>Proca</strong></span> <span class='ocrx_word' id='word_1_138' title='bbox 709 2381 802 2459; x_wconf 87' lang='lat' dir='ltr'><strong>gentis</strong></span> <span class='ocrx_word' id='word_1_139' title='bbox 817 2379 954 2443; x_wconf 82' lang='lat' dir='ltr'><strong>habebnt.</strong></span> 
     </span>
     <span class='ocr_line' id='line_1_23' title="bbox 140 2472 918 2560; baseline 0.001 -23"><span class='ocrx_word' id='word_1_140' title='bbox 140 2472 227 2556; x_wconf 83' lang='lat' dir='ltr'><strong>Rege</strong></span> <span class='ocrx_word' id='word_1_141' title='bbox 242 2475 297 2536; x_wconf 88' lang='lat' dir='ltr'><strong>sub</strong></span> <span class='ocrx_word' id='word_1_142' title='bbox 312 2475 369 2536; x_wconf 92' lang='lat' dir='ltr'><strong>hoc</strong></span> <span class='ocrx_word' id='word_1_143' title='bbox 383 2473 518 2537; x_wconf 87' lang='lat' dir='ltr'><strong>Pomona</strong></span> <span class='ocrx_word' id='word_1_144' title='bbox 533 2475 603 2537; x_wconf 86' lang='lat' dir='ltr'><strong>suit:</strong></span> <span class='ocrx_word' id='word_1_145' title='bbox 629 2476 687 2558; x_wconf 74' lang='lat' dir='ltr'><strong>qni</strong></span> <span class='ocrx_word' id='word_1_146' title='bbox 701 2477 782 2560; x_wconf 91' lang='lat' dir='ltr'><strong>nulla</strong></span> <span class='ocrx_word' id='word_1_147' title='bbox 796 2476 918 2539; x_wconf 86' lang='lat' dir='ltr'><strong>Latinas</strong></span> 
     </span>
     <span class='ocr_line' id='line_1_24' title="bbox 139 2559 848 2651; baseline 0.003 -19"><span class='ocrx_word' id='word_1_148' title='bbox 139 2570 221 2632; x_wconf 91' lang='lat' dir='ltr'><strong>Inter</strong></span> <span class='ocrx_word' id='word_1_149' title='bbox 236 2559 461 2651; x_wconf 87' lang='lat' dir='ltr'><strong>Hamadryadas</strong></span> <span class='ocrx_word' id='word_1_150' title='bbox 475 2574 565 2633; x_wconf 91' lang='lat' dir='ltr'><strong>coluit</strong></span> <span class='ocrx_word' id='word_1_151' title='bbox 580 2573 723 2633; x_wconf 76' lang='lat' dir='ltr'><strong>sollertius</strong></span> <span class='ocrx_word' id='word_1_152' title='bbox 738 2574 848 2649; x_wconf 89' lang='lat' dir='ltr'><strong>hortos,</strong></span> 
     </span>
     <span class='ocr_line' id='line_1_25' title="bbox 139 2665 799 2735; baseline 0.005 -8"><span class='ocrx_word' id='word_1_153' title='bbox 139 2665 207 2727; x_wconf 86' lang='lat' dir='ltr'><strong>Nec</strong></span> <span class='ocrx_word' id='word_1_154' title='bbox 224 2666 277 2727; x_wconf 84' lang='lat' dir='ltr'><strong>suit</strong></span> <span class='ocrx_word' id='word_1_155' title='bbox 292 2668 403 2735; x_wconf 85' lang='lat' dir='ltr'><strong>arborei</strong></span> <span class='ocrx_word' id='word_1_156' title='bbox 419 2668 573 2728; x_wconf 91' lang='lat' dir='ltr'><strong>studiosior</strong></span> <span class='ocrx_word' id='word_1_157' title='bbox 587 2668 676 2728; x_wconf 88' lang='lat' dir='ltr'><strong>altera</strong></span> <span class='ocrx_word' id='word_1_158' title='bbox 691 2668 799 2730; x_wconf 79' lang='lat' dir='ltr'><strong>foetns:</strong></span> 
     </span>
     <span class='ocr_line' id='line_1_26' title="bbox 139 2760 1110 2842; baseline 0.006 -20"><span class='ocrx_word' id='word_1_159' title='bbox 139 2760 230 2822; x_wconf 91' lang='lat' dir='ltr'><strong>Unde</strong></span> <span class='ocrx_word' id='word_1_160' title='bbox 245 2774 326 2822; x_wconf 90' lang='lat' dir='ltr'><strong>tenet</strong></span> <span class='ocrx_word' id='word_1_161' title='bbox 341 2781 460 2821; x_wconf 91' lang='lat' dir='ltr'><strong>nomen.</strong></span> <span class='ocrx_word' id='word_1_162' title='bbox 507 2760 575 2823; x_wconf 92' lang='lat' dir='ltr'><strong>Non</strong></span> <span class='ocrx_word' id='word_1_163' title='bbox 592 2764 678 2822; x_wconf 91' lang='lat' dir='ltr'><strong>silvas</strong></span> <span class='ocrx_word' id='word_1_164' title='bbox 694 2765 752 2838; x_wconf 91' lang='lat' dir='ltr'><strong>illa,</strong></span> <span class='ocrx_word' id='word_1_165' title='bbox 768 2785 825 2827; x_wconf 89' lang='lat' dir='ltr'><strong>nec</strong></span> <span class='ocrx_word' id='word_1_166' title='bbox 844 2787 963 2842; x_wconf 84' lang='lat' dir='ltr'><strong>amnes3</strong></span> <span class='ocrx_word' id='word_1_167' title='bbox 1054 2767 1110 2827; x_wconf 88' lang='lat'><strong>115</strong></span> 
     </span>
     <span class='ocr_line' id='line_1_27' title="bbox 140 2855 842 2940; baseline 0.004 -21"><span class='ocrx_word' id='word_1_168' title='bbox 140 2855 206 2920; x_wconf 89' lang='lat' dir='ltr'><strong>Rus</strong></span> <span class='ocrx_word' id='word_1_169' title='bbox 222 2871 310 2933; x_wconf 88' lang='lat' dir='ltr'><strong>amat,</strong></span> <span class='ocrx_word' id='word_1_170' title='bbox 325 2870 356 2918; x_wconf 90' lang='lat' dir='ltr'><strong>et</strong></span> <span class='ocrx_word' id='word_1_171' title='bbox 370 2878 476 2934; x_wconf 89' lang='lat' dir='ltr'><strong>ramos,</strong></span> <span class='ocrx_word' id='word_1_172' title='bbox 492 2857 586 2920; x_wconf 82' lang='lat' dir='ltr'><strong>felicia</strong></span> <span class='ocrx_word' id='word_1_173' title='bbox 601 2880 689 2940; x_wconf 92' lang='lat' dir='ltr'><strong>poma</strong></span> <span class='ocrx_word' id='word_1_174' title='bbox 704 2858 842 2922; x_wconf 87' lang='lat' dir='ltr'><strong>ferentes.</strong></span> 
     </span>
     <span class='ocr_line' id='line_1_28' title="bbox 140 2953 972 3037; baseline 0.008 -22"><span class='ocrx_word' id='word_1_175' title='bbox 140 2953 169 3016; x_wconf 92' lang='lat' dir='ltr'><strong>N</strong></span> <span class='ocrx_word' id='word_1_176' title='bbox 173 2976 207 3016; x_wconf 90' lang='lat' dir='ltr'><strong>ee</strong></span> <span class='ocrx_word' id='word_1_177' title='bbox 219 2955 318 3037; x_wconf 87' lang='lat' dir='ltr'><strong>jaculo</strong></span> <span class='ocrx_word' id='word_1_178' title='bbox 332 2956 428 3035; x_wconf 87' lang='lat' dir='ltr'><strong>gravis</strong></span> <span class='ocrx_word' id='word_1_179' title='bbox 443 2970 497 3032; x_wconf 87' lang='lat' dir='ltr'><strong>est,</strong></span> <span class='ocrx_word' id='word_1_180' title='bbox 512 2957 564 3017; x_wconf 89' lang='lat' dir='ltr'><strong>sed</strong></span> <span class='ocrx_word' id='word_1_181' title='bbox 580 2956 695 3018; x_wconf 76' lang='lat' dir='ltr'><strong>aduncri</strong></span> <span class='ocrx_word' id='word_1_182' title='bbox 709 2956 831 3020; x_wconf 85' lang='lat' dir='ltr'><strong>dextera</strong></span> <span class='ocrx_word' id='word_1_183' title='bbox 847 2958 941 3021; x_wconf 83' lang='lat' dir='ltr'><strong>falce:</strong></span> <span class='ocrx_word' id='word_1_184' title='bbox 968 3009 972 3015; x_wconf 82' lang='grc'><em>.</em></span> 
     </span>
     <span class='ocr_line' id='line_1_29' title="bbox 141 3049 950 3138; baseline 0.01 -28"><span class='ocrx_word' id='word_1_185' title='bbox 141 3049 215 3121; x_wconf 78' lang='lat' dir='ltr'><strong>Qut</strong></span> <span class='ocrx_word' id='word_1_186' title='bbox 229 3052 318 3112; x_wconf 77' lang='lat' dir='ltr'><strong>modi)</strong></span> <span class='ocrx_word' id='word_1_187' title='bbox 333 3052 479 3112; x_wconf 87' lang='lat' dir='ltr'><strong>luxuriem</strong></span> <span class='ocrx_word' id='word_1_188' title='bbox 495 3053 612 3134; x_wconf 90' lang='lat' dir='ltr'><strong>premit,</strong></span> <span class='ocrx_word' id='word_1_189' title='bbox 628 3067 658 3115; x_wconf 90' lang='lat' dir='ltr'><strong>et</strong></span> <span class='ocrx_word' id='word_1_190' title='bbox 672 3054 826 3135; x_wconf 88' lang='lat' dir='ltr'><strong>spatiantia</strong></span> <span class='ocrx_word' id='word_1_191' title='bbox 840 3056 950 3138; x_wconf 88' lang='lat' dir='ltr'><strong>passim</strong></span> 
     </span>
     <span class='ocr_line' id='line_1_30' title="bbox 52 3145 906 3236; baseline 0.009 -30"><span class='ocrx_word' id='word_1_192' title='bbox 52 3172 66 3185; x_wconf 77' lang='lat'>·</span> <span class='ocrx_word' id='word_1_193' title='bbox 140 3145 269 3207; x_wconf 85' lang='lat' dir='ltr'><strong>Brachia</strong></span> <span class='ocrx_word' id='word_1_194' title='bbox 282 3148 461 3228; x_wconf 85' lang='lat' dir='ltr'><strong>compescit:</strong></span> <span class='ocrx_word' id='word_1_195' title='bbox 484 3149 552 3209; x_wconf 73' lang='lat' dir='ltr'><strong>fissa</strong></span> <span class='ocrx_word' id='word_1_196' title='bbox 565 3150 654 3210; x_wconf 76' lang='lat' dir='ltr'><strong>modo</strong></span> <span class='ocrx_word' id='word_1_197' title='bbox 669 3152 779 3212; x_wconf 89' lang='lat' dir='ltr'><strong>cortice</strong></span> <span class='ocrx_word' id='word_1_198' title='bbox 795 3152 906 3236; x_wconf 86' lang='lat' dir='ltr'><strong>virgam</strong></span> 
     </span>
     <span class='ocr_line' id='line_1_31' title="bbox 140 3240 1114 3324; baseline 0.012 -23"><span class='ocrx_word' id='word_1_199' title='bbox 140 3240 256 3318; x_wconf 88' lang='lat' dir='ltr'><strong>lnserit,</strong></span> <span class='ocrx_word' id='word_1_200' title='bbox 272 3254 302 3303; x_wconf 89' lang='lat' dir='ltr'><strong>et</strong></span> <span class='ocrx_word' id='word_1_201' title='bbox 316 3263 419 3303; x_wconf 88' lang='lat' dir='ltr'><strong>succos</strong></span> <span class='ocrx_word' id='word_1_202' title='bbox 436 3243 531 3304; x_wconf 90' lang='lat' dir='ltr'><strong>alieno</strong></span> <span class='ocrx_word' id='word_1_203' title='bbox 547 3258 663 3324; x_wconf 85' lang='lat' dir='ltr'><strong>praestat</strong></span> <span class='ocrx_word' id='word_1_204' title='bbox 678 3247 806 3310; x_wconf 90' lang='lat' dir='ltr'><strong>alumno.</strong></span> <span class='ocrx_word' id='word_1_205' title='bbox 1055 3250 1114 3312; x_wconf 71' lang='lat'><strong>12⁰</strong></span> 
     </span>
    </p>
   </div>
   <div class='ocr_carea' id='block_1_3' title="bbox 140 3335 899 3520">
    <p class='ocr_par' dir='ltr' id='par_1_3' title="bbox 140 3335 899 3520">
     <span class='ocr_line' id='line_1_32' title="bbox 141 3335 899 3426; baseline 0.013 -27"><span class='ocrx_word' id='word_1_206' title='bbox 141 3335 208 3401; x_wconf 91' lang='lat' dir='ltr'><strong>Nec</strong></span> <span class='ocrx_word' id='word_1_207' title='bbox 223 3340 331 3420; x_wconf 90' lang='lat' dir='ltr'><strong>patitur</strong></span> <span class='ocrx_word' id='word_1_208' title='bbox 345 3338 451 3402; x_wconf 88' lang='lat' dir='ltr'><strong>sentire</strong></span> <span class='ocrx_word' id='word_1_209' title='bbox 467 3340 560 3400; x_wconf 89' lang='lat' dir='ltr'><strong>sitim:</strong></span> <span class='ocrx_word' id='word_1_210' title='bbox 583 3341 747 3426; x_wconf 78' lang='lat' dir='ltr'><strong>bibulaque</strong></span> <span class='ocrx_word' id='word_1_211' title='bbox 764 3365 899 3408; x_wconf 89' lang='lat' dir='ltr'><strong>recurvas</strong></span> 
     </span>
     <span class='ocr_line' id='line_1_33' title="bbox 140 3430 762 3520; baseline 0.011 -24"><span class='ocrx_word' id='word_1_212' title='bbox 140 3430 263 3499; x_wconf 90' lang='lat' dir='ltr'><strong>Radicis</strong></span> <span class='ocrx_word' id='word_1_213' title='bbox 277 3436 363 3498; x_wconf 86' lang='lat' dir='ltr'><strong>fibras</strong></span> <span class='ocrx_word' id='word_1_214' title='bbox 377 3436 541 3499; x_wconf 85' lang='lat' dir='ltr'><strong>labentibus</strong></span> <span class='ocrx_word' id='word_1_215' title='bbox 555 3437 651 3520; x_wconf 83' lang='lat' dir='ltr'><strong>irrigat</strong></span> <span class='ocrx_word' id='word_1_216' title='bbox 666 3441 762 3503; x_wconf 82' lang='lat' dir='ltr'><strong>undis.</strong></span> 
     </span>
    </p>
   </div>
   <div class='ocr_carea' id='block_1_4' title="bbox 0 0 1185 4102">
    <p class='ocr_par' dir='ltr' id='par_1_4' title="bbox 0 0 1185 4102">
     <span class='ocr_line' id='line_1_34' title="bbox 0 0 1185 4102; baseline 0 0"><span class='ocrx_word' id='word_1_217' title='bbox 0 0 1185 4102; x_wconf 95' lang='lat' dir='ltr'><strong> </strong></span> 
     </span>
    </p>
   </div>
  </div>
 </body>
</html>
