2348 4102
97 365 158 425 124
409 342 756 417 unrauoueuosnou

95 518 156 581 Sed
171 531 269 579 tamen
285 530 408 578 eventus
424 530 536 592 vestra,
551 515 715 592 fortissime,
730 534 836 598 pugnae

95 612 172 687 Quis
187 613 260 675 suit?
283 613 398 675 Hector
412 613 470 674 abit
485 614 608 674 violatus
624 613 745 673 vulnere
764 611 855 674 nullo.

138 710 192 772 Me
206 711 355 786 miserum,
372 724 481 792 quanto
495 731 584 791 cogor
598 709 765 770 meminisse
781 708 881 771 dolore
1010 713 1069 774 280

95 805 254 889 Temporis
269 807 365 883 illius3
389 828 458 889 quo,
474 805 598 889 Grajdm
612 826 723 881 murras,
738 804 873 866 Achilles

95 901 274 965 Procubuit!
297 902 364 964 Nec
378 923 427 964 me
443 903 590 984 lacrymae,
604 902 749 976 luctusve,
765 901 889 962 timorve

95 998 275 1074 Tardamnt,
291 999 360 1081 quin
375 1019 481 1080 corpus
496 999 587 1058 humo
602 997 727 1058 sublime
742 995 891 1058 referrem.
1062 1076 1065 1084 Ι

96 1093 154 1156 His
169 1095 308 1171 humeris,
323 1095 378 1170 hie,
394 1095 524 1177 inquam,
539 1094 669 1155 humeris
684 1114 741 1174 ego
755 1114 864 1175 corpus
879 1093 1016 1170 Achillis,

98 1190 139 1251 Et
153 1191 239 1251 simul
256 1210 335 1250 arma
350 1190 419 1250 tuli:
444 1211 508 1271 quae
523 1212 601 1251 nunc
617 1210 734 1273 quoque
750 1188 824 1250 serre
839 1189 952 1252 laboro.
1012 1191 1068 1252 285

98 1285 174 1346 Sunt
189 1285 271 1359 mihi,
287 1305 353 1365 quae
369 1285 485 1344 valeant
500 1285 528 1344 in
545 1285 613 1345 talia
628 1285 769 1366 pondera,
786 1286 879 1347 vires:

99 1377 154 1441 Est
170 1377 281 1438 animus
299 1390 408 1438 vestros
424 1378 505 1438 cert'e
521 1398 658 1438 sensurus
673 1378 810 1440 honores.
906 1404 912 1420 ·

99 1474 220 1537 Scilicet
235 1473 342 1534 idcirco
357 1495 410 1555 pro
425 1488 513 1554 gnato
527 1472 634 1536 caerula
647 1489 741 1536 mater

100 1571 264 1634 Ambitiosa
278 1591 332 1631 suo
346 1569 409 1647 fuit,
424 1585 457 1632 ut
471 1572 604 1633 coelestia
618 1571 705 1646 dona,

99 1667 182 1728 Artis
197 1688 271 1748 opus
286 1680 383 1742 tantae,
399 1668 478 1728 mdis
494 1679 524 1728 et
538 1667 600 1728 sine
615 1679 736 1748 pectore
757 1665 842 1727 miles
960 1715 968 1724 .
1015 1667 1073 1728 290

99 1762 260 1824 Indueret?
282 1782 378 1845 neque
394 1763 471 1823 enim
486 1763 586 1844 clypei
600 1762 750 1823 calamina
766 1761 853 1837 ndrit,

100 1858 268 1932 Oceanum,
285 1871 315 1918 et
329 1870 430 1934 terras,
445 1878 573 1940 cumque
588 1858 647 1919 alto
662 1857 757 1919 sidera
771 1857 861 1934 coelo,

100 1951 311 2036 Pleiadasque,
327 1951 521 2037 Hyadesque,
536 1953 755 2036 immunemque
771 1951 893 2034 aequoris
908 1953 1034 2028 Arcton,

102 2048 301 2131 Diversaeque
316 2050 414 2125 urbes,
429 2050 613 2131 nitidumque
629 2048 747 2110 Orionis
762 2038 876 2109 ensem.

102 2142 237 2205 Postulat
252 2155 285 2202 ut
299 2144 406 2223 capiat,
422 2163 485 2223 quae
501 2163 559 2203 nou
574 2142 717 2223 intelligit,
733 2156 823 2204 arma.
1016 2144 1076 2205 295

146 2237 251 2310 Quid?
275 2237 353 2320 qudd
368 2256 427 2312 me,
443 2236 507 2297 duri
522 2235 683 2317 fugientem
697 2260 820 2302 munera
833 2239 915 2316 belli,

105 2333 211 2414 Arguit
225 2333 344 2415 incepto
358 2353 455 2394 serum
471 2334 629 2395 accessisse
644 2335 759 2397 labori?

104 2428 172 2492 Nec
187 2450 218 2490 se
234 2429 421 2510 magnanimo
435 2430 612 2492 maledicere
627 2432 715 2492 sentit
733 2431 864 2492 Achilli?

104 2525 138 2588 Si
152 2525 303 2587 simulasse
320 2538 407 2587 vocat
421 2527 542 2602 crimen,
558 2525 758 2587 simulavimus
774 2527 872 2588 ambo.

105 2621 138 2682 Si
153 2642 236 2681 mora
250 2641 303 2700 pro
318 2620 408 2700 culpd
423 2633 485 2696 est3
508 2641 564 2700 ego
579 2642 644 2703 sum
658 2622 797 2683 maturior
810 2623 871 2684 illo.
1019 2625 1082 2685 300

105 2715 160 2776 Me
176 2714 225 2796 pia
240 2713 363 2774 detinuit
377 2713 504 2796 conjux:
528 2715 576 2796 pia
590 2729 685 2776 mater
700 2717 857 2779 Achillen:

106 2809 266 2892 Primaque
281 2822 348 2871 sunt
362 2810 418 2872 illis
432 2810 501 2872 data
515 2824 658 2893 tempora,
674 2821 778 2872 caetera
793 2814 886 2875 vobis.

107 2906 199 2969 Haud
213 2907 314 2983 timeo,
329 2908 353 2969 si
364 2906 426 2991 jam
441 2918 558 2990 nequeo
572 2907 731 2969 defendere
745 2908 856 2970 crimen
937 2976 943 2984 ,

108 3002 189 3065 Cum
204 3016 285 3065 tanto
299 3026 456 3065 commune
473 3005 545 3066 viro.
591 3004 765 3087 Deprensus
780 3003 897 3087 Ulyssis

108 3098 231 3179 Ingenio
246 3112 345 3160 tamen
360 3099 409 3158 ille
422 3120 431 3172 ;
454 3113 483 3160 at
497 3122 556 3161 non
571 3101 683 3182 Ajacis,
699 3100 835 3181 Ulysses
1023 3103 1086 3164 305

152 3193 239 3255 Neve
255 3194 283 3255 in
299 3214 347 3254 me
362 3193 472 3254 stolidae
486 3196 618 3255 convicia
633 3193 755 3256 fundere
770 3195 876 3276 lingue

110 3291 301 3354 Admiremur
316 3310 401 3350 eum:
425 3289 507 3350 vobis
524 3310 640 3372 quoque
656 3290 743 3372 digna
759 3292 871 3373 pudore
901 3344 902 3348 ,

111 3388 235 3471 Objicit.
282 3388 332 3448 An
347 3385 420 3448 falso
434 3385 616 3447 Palameden
632 3388 753 3448 crimine
766 3401 852 3468 turpe

113 3481 279 3544 accusasse
293 3482 375 3558 mihi,
392 3481 473 3545 vobis
489 3480 644 3564 damndsse
659 3481 798 3545 decorum
814 3483 881 3545 cst?
