2348 4102
440 349 789 419 uernuomuoseou

352 644 486 687 utrum:
509 644 544 685 IN
565 643 699 685 Lausum
719 641 860 683 uorum.

544 836 576 877 v.
598 816 671 875 452.

116 992 235 1057 Primus
251 1013 332 1054 umor
346 991 456 1055 Phoebi
470 991 601 1071 Daphne
616 990 731 1051 Peneia
740 1012 748 1065 ;
771 1011 861 1071 quem
875 1012 935 1053 non
1032 996 1101 1056 tao
1131 1004 1135 1011 '

117 1088 192 1151 Fors
207 1090 306 1168 ignara
321 1087 413 1162 dedit,
428 1086 481 1147 sed
496 1106 572 1146 saeva
588 1084 744 1167 Cupidinis
759 1086 811 1146 ira.

117 1183 225 1246 Delius
240 1184 319 1244 hunc
334 1203 438 1263 nuper,
455 1182 534 1244 victi
548 1195 685 1264 serpente
700 1183 855 1264 superbuS,

119 1277 242 1339 Viderat
258 1278 386 1339 adducto
400 1279 572 1339 flectentem
586 1299 697 1339 cornua
711 1300 820 1340 nervo:

118 1373 283 1456 ‘Quidque
298 1374 360 1449 tibi,
376 1375 484 1435 lascive
499 1395 583 1455 puer,
598 1395 668 1435 cum
683 1373 803 1435 fortibus
818 1373 904 1434 armis
913 1373 935 1434 ?'

117 1467 261 1531 Dixerat:
286 1470 359 1531 ‘ista
375 1469 483 1531 decent
496 1470 634 1529 humeros
649 1469 811 1549 gestamina
825 1480 937 1529 nostros
950 1489 958 1544 ;
1031 1471 1098 1531 435

118 1563 182 1637 Qui
197 1565 267 1627 dare
282 1578 363 1627 certa
378 1564 456 1641 ferae,
472 1565 541 1626 dare
557 1565 679 1625 vulnera
693 1585 847 1646 possumus
862 1564 950 1625 hosti.

117 1657 181 1731 Qui
195 1660 295 1735 modu,
312 1660 449 1742 pestifero
464 1673 508 1721 tot
518 1660 623 1741 jugera
638 1673 740 1720 ventre
755 1673 951 1741 prementem,

117 1751 279 1816 stravimus
293 1754 462 1828 innumeris,
478 1754 623 1814 tumidum
638 1752 789 1833 Pythona,
804 1755 937 1833 sagittis?

116 1847 211 1911 Filius
226 1850 295 1910 huic
313 1848 458 1925 Veneris3
481 1848 591 1929 ‘Figat
606 1857 674 1910 tuus
689 1850 797 1925 omnia,
812 1849 950 1926 Phoebe3

115 1944 165 2008 Te
180 1967 264 2007 meus
279 1945 385 2022 arcus,'
403 1946 460 2022 ait;
483 1945 673 2028 ‘quantoque
690 1946 826 2008 animalia
839 1947 949 2009 cedunt

116 2040 236 2104 Cuncta
251 2043 313 2118 tibi,
329 2042 411 2104 tantd
425 2043 520 2103 minor
534 2056 579 2102 est
593 2055 645 2102 tua
659 2042 751 2120 gloria
764 2042 884 2102 nostri?
1029 2044 1093 2104 441

158 2136 265 2197 Dixit:
290 2150 320 2196 et
335 2137 408 2197 eliso
423 2137 568 2217 percussis
584 2138 651 2194 a‘e're
668 2136 772 2214 pennis

115 2230 246 2312 impiger
260 2230 399 2292 umbrosi
412 2229 549 2290 Parnassi
564 2228 693 2290 constit-it
709 2248 795 2289 arce:

115 2326 204 2409 Eque
219 2325 379 2408 sagittiferi
393 2325 535 2409 prompsit
550 2324 609 2386 duo
624 2325 683 2387 tela
698 2324 838 2409 pharetra

116 2422 311 2487 Diversorum
322 2443 457 2505 operum.
502 2420 602 2504 Fugat
616 2423 685 2497 hoc,
700 2421 769 2485 facit
784 2422 856 2484 illud
871 2442 1012 2483 amorem.

116 2519 210 2593 Quod
224 2519 303 2595 lacit,
320 2533 454 2582 auratum
469 2532 524 2595 est,
540 2532 570 2580 et
584 2519 707 2599 cuspide
722 2515 815 2596 fulget
830 2516 934 2577 acuti:
1028 2521 1096 2581 446

116 2613 209 2687 Quod
224 2614 314 2695 sugat,
326 2615 464 2676 obtusum
479 2626 534 2687 est,
550 2627 580 2673 et
594 2614 684 2674 habet
698 2610 752 2672 sub
768 2611 910 2673 arundine
925 2613 1092 2693 plumbum.

115 2708 185 2771 Hoc
200 2709 273 2769 deus
288 2709 317 2769 in
332 2706 469 2790 nymphia
483 2706 618 2768 Peneide
636 2708 719 2781 fixit3
742 2719 771 2768 at
786 2708 837 2769 illo

114 2802 206 2866 Laesit
220 2804 393 2885 Apollineas
409 2802 530 2886 trajecta
544 2824 598 2884 per
612 2823 677 2864 ossa
691 2803 847 2865 medullas.

114 2898 255 2963 Protinus
270 2899 344 2960 alter
359 2913 457 2975 amat3
480 2899 553 2981 fugit
568 2900 660 2961 altera
673 2906 783 2961 no'men
799 2900 934 2977 amantis,
1027 2903 1094 2963 450

113 2996 263 3061 Silvarum
277 2996 405 3071 latebris,
421 2998 664 3079 captivarumque
679 2995 807 3058 serarum

116 3091 243 3153 Exuviis
259 3090 400 3171 gaudens,
416 3092 605 3173 innuptaeque
622 3095 726 3153 aemula
740 3092 884 3154 Phoebes.

116 3185 201 3250 Vitta
214 3186 371 3249 coercebat
386 3186 496 3267 positos
511 3187 574 3246 sine
588 3188 655 3265 lege
670 3186 803 3265 capillos.

115 3281 171 3345 llla
185 3281 268 3363 fugit,
284 3301 381 3364 neque
397 3281 434 3343 ad
449 3282 512 3343 haec
527 3280 692 3342 revocantis
707 3280 796 3341 verba
810 3281 926 3341 resistit.

116 3377 292 3461 ‘Nympha
307 3399 422 3460 precor,
438 3376 544 3452 Penei,
559 3396 664 3437 mane:
687 3397 746 3436 non
761 3375 898 3457 insequor
910 3376 1012 3439 hostis.

116 3470 271 3554 Nympha,
286 3494 384 3535 mane.
422 3472 472 3535 Sic
488 3492 562 3553 agna
576 3474 690 3554 lupum,
705 3471 747 3533 sic
758 3492 848 3532 cerva
861 3470 991 3549 leonem,
1025 3473 1091 3535 «156

116 3566 169 3633 Sic
183 3568 311 3652 aquilam
325 3568 426 3653 panni
438 3567 553 3651 fugiunt
567 3568 732 3651 trepidante
746 3567 909 3645 oolumbae;
