2348 4102
516 383 625 434 LIBER
643 384 664 433 Ι.
1054 377 1075 437 9

95 534 187 608 Quos
202 532 288 594 simul
303 531 441 614 imposuit
455 531 575 606 mensis,
591 551 647 611 ego
664 529 779 591 vindice
794 528 916 592 flamma
1012 530 1076 590 230

94 629 134 691 In
150 629 270 690 domino
284 629 386 708 dignos
402 627 495 690 everti
510 640 591 688 tecta
604 627 746 689 Penates,

95 724 234 787 Territus
249 726 297 786 ille
312 725 402 805 firgit3
424 737 587 806 nactusque
601 724 716 786 silentia
730 724 803 785 ruris

96 821 254 898 Exululat,
269 822 431 904 frustraque
447 821 528 902 loqui
541 834 679 882 conatur:
703 821 739 881 ab
754 820 819 902 ipso

97 916 223 999 Colligit
237 939 270 979 os
285 918 408 993 rabiem,
424 916 574 998 solitaeque
589 916 728 996 cupidine
744 916 831 976 credis

99 1013 233 1074 Vertitur
248 1014 277 1074 in
292 1013 440 1094 pecudes:
464 1025 494 1073 et
510 1033 588 1072 nunc
604 1032 722 1094 quoque
737 1011 879 1092 sanguine
893 1011 1012 1092 gaudet.

99 1109 137 1171 In
152 1110 234 1170 villos
250 1110 359 1170 abeunt
375 1121 481 1183 vestes,
497 1108 527 1168 in
541 1128 627 1169 crura
644 1108 756 1169 lacerti.
1014 1109 1077 1172 236

98 1205 153 1267 Fit
167 1206 264 1288 lupus,
280 1219 310 1266 et
326 1205 433 1267 veteris
448 1218 547 1266 servat
562 1204 686 1286 vestigia
699 1202 809 1266 forrnae.

98 1301 235 1364 Canities
251 1302 355 1362 eadem
374 1315 429 1376 est,
445 1301 551 1363 eadem
567 1301 705 1363 violentia
720 1301 820 1362 vultu:

98 1397 187 1459 Idem
202 1397 280 1460 oculi
294 1398 411 1460 lucent:
435 1398 541 1459 eadem
556 1398 678 1459 feritatis
693 1398 800 1478 imago.

144 1493 264 1556 Occidit
278 1515 338 1555 una
353 1494 474 1555 domus:
498 1495 550 1555 sed
565 1515 625 1555 non
641 1494 745 1555 domus
760 1516 820 1555 una
834 1495 929 1576 perire
1016 1496 1079 1556 240

101 1590 203 1672 Digna
217 1590 289 1653 fuit:
314 1589 374 1672 qud
387 1604 465 1650 terra
480 1602 573 1670 patet,
588 1587 651 1648 fera
663 1603 766 1669 regnat
781 1589 922 1672 Erinnys.

99 1687 138 1749 In
153 1687 264 1749 facinus
276 1686 391 1771 jurasse
407 1698 504 1768 putes.
550 1684 634 1746 Dent
649 1685 731 1746 ocius
745 1706 859 1762 omnes,

100 1782 189 1858 Quas
204 1783 339 1846 meruere
355 1784 417 1867 pati
434 1781 491 1869 (sic
505 1795 562 1846 stat
577 1780 736 1868 sententia)
753 1781 880 1867 poenas'

506 2020 679 2063 DILUVIUM.

533 2215 563 2270 v.
579 2164 654 2277 2214.

102 2363 196 2427 Dicta
210 2361 295 2425 Jovis
310 2382 377 2444 pars
392 2381 466 2422 voce
483 2361 617 2443 probant,
632 2360 825 2443 stimulosque
840 2359 947 2424 furenti
981 2346 985 2356 ’

102 2459 275 2543 Adjiciunt:
300 2458 348 2518 alii
363 2469 459 2538 partes
475 2456 645 2516 adsensibus
660 2456 795 2535 implent.
1020 2460 1084 2519 245

102 2554 163 2618 Est
177 2569 277 2618 tamen
291 2553 413 2616 humani
428 2551 545 2635 generis
556 2550 672 2636 jactura
688 2550 780 2613 dolori

102 2650 270 2714 Omnibus:
294 2663 334 2727 et,
350 2672 413 2733 quae
429 2650 466 2712 sit
481 2663 574 2725 terrae,
589 2648 758 2711 mortalibus
773 2648 862 2725 orbae,

102 2747 218 2810 Forma
232 2747 337 2823 lutura,
352 2761 472 2828 rogant:
496 2747 560 2830 quis
574 2747 611 2808 sit
624 2747 735 2808 laturus
751 2747 781 2807 in
797 2765 860 2808 aras

85 2858 87 2862 '
102 2843 231 2907 Thura?
252 2844 358 2907 ferisne
374 2856 456 2926 paret
471 2844 653 2926 populandas
669 2842 783 2904 tradere
799 2845 924 2923 gentes?

102 2939 195 3003 Talia
210 2954 372 3023 querentes
390 2939 460 3025 (sibi
475 2941 554 3000 cnim
569 2939 631 3000 sore
646 2950 753 2998 caetera
766 2937 859 3021 curae)
1022 2941 1085 3002 250

103 3035 181 3099 Rex
195 3039 334 3119 superum
349 3036 495 3118 trepidare
512 3046 607 3111 vetat,
618 3034 811 3116 sobolemque
827 3034 915 3117 priori

103 3132 290 3196 Dissimilem
304 3134 414 3217 populo
429 3131 572 3215 promittit
587 3130 698 3212 origine
713 3130 798 3193 miri.

148 3229 278 3312 Jamque
294 3243 356 3291 erat
370 3230 400 3291 in
415 3241 490 3291 totas
504 3249 656 3312 sparsurus
670 3226 793 3290 firhnina
805 3241 914 3305 terras;

94 3323 169 3389 'Sed
183 3326 291 3402 timuit,
306 3344 344 3387 ne
360 3325 434 3388 forte
449 3336 532 3387 s'acer
546 3338 590 3386 tot
605 3326 641 3407 ab
656 3325 771 3406 ignibus
786 3326 877 3386 aether

105 3423 291 3507 Conciperet
306 3422 450 3500 flammas,
464 3423 628 3503 longusque
645 3422 811 3483 ardesceret
826 3420 900 3481 axis.
1023 3422 1086 3484 255

105 3518 185 3583 Esse
201 3541 320 3605 quoquc
334 3520 365 3583 in
379 3519 444 3582 fatis
459 3517 663 3595 reminiscitur,
678 3517 768 3579 affore
786 3527 915 3600 tempus,
