2348 4102
506 311 615 404 mnan
636 351 693 404 xv.

111 497 141 565 Ν
143 523 190 578 ee,
205 498 260 563 nisi
274 501 344 563 oum
358 499 455 563 senior
467 501 576 564 similes
591 501 749 584 aquaverit
763 521 866 580 annos,

111 597 271 660 AEthereas
285 597 371 659 sedes
384 611 568 684 cognataque
583 598 679 659 sidera
693 610 805 680 tanget.

110 692 200 757 Hanc
215 695 342 756 anirnam
357 694 467 756 interea
481 693 610 762 oaesode
624 715 748 776 corpore
763 706 890 777 raptam,

110 789 176 853 Fae
187 790 284 875 jubar,
298 804 331 851 ut
346 810 465 872 semper
479 788 741 872 Capitolianostra
754 788 927 872 Fommque

69 926 71 930 ,
96 885 209 949 'Divus
223 887 262 948 ab
276 884 398 952 exuent
412 898 582 969 prospectet
594 884 692 951 Julius
707 885 793 949 arde!
1023 887 1087 958 Q

153 976 218 1051 Vix
233 1003 269 1044 ea
282 981 360 1046 fatus
373 995 447 1060 erat,
461 981 561 1045 medii
571 981 643 1049 eiua
656 981 729 1048 seda
743 979 873 1048 Senatu
892 1042 895 1047 .

109 1077 253 1142 Constitit
267 1079 344 1143 alma
359 1077 474 1154 Venus,
489 1079 561 1143 nulli
573 1073 733 1155 oernenda,
747 1077 855 1162 suique
874 1126 879 1133 .

109 1172 236 1237 Caesaris
251 1172 357 1257 eripuit
371 1173 519 1284 membris,
533 1195 590 1242 neo
604 1174 640 1236 in·
650 1177 719 1239 aera
730 1173 809 1243 solvi
897 1195 904 1233 ·.

108 1268 203 1333 Passa
217 1283 366 1333 recentem
381 1271 523 1348 amman,
533 1271 707 1339 eoeksuhus
716 1271 816 1339 nouit
829 1270 928 1339 ande.
1035 1336 1038 1341 Δ

107 1364 253 1449 Dumque
267 1367 344 1443 tulit,
358 1367 458 1432 lumen
472 1386 594 1450 sapere,
607 1381 696 1451 atque
711 1369 867 1450 ignescere
877 1368 981 1447 seoelt.
1021 1369 1087 1482 Μ

107 1459 312 1545 Sensitque
290 1483 366 1524 smu.
410 1460 505 1526 Luna
516 1463 596 1525 volat
609 1464 696 1529 otius
709 1464 771 1540 illu,
923 1517 926 1520 .
947 1501 949 1504 ·

106 1555 394 1640 Flammisemmque
407 1557 527 1624 nahem
539 1557 668 1638 spatioso
681 1558 777 1626 liruite
787 1557 904 1627 orbem

107 1653 204 1716 Stella
218 1653 319 1730 micat,
333 1652 453 1735 natique
469 1651 577 1721 videus
586 1652 664 1718 bene
678 1651 772 1731 saeta,
783 1651 896 1722 faterer
986 1721 989 1725 ⁴
1077 1696 1082 1703 ,

107 1747 186 1812 Esse
201 1749 262 1810 suis
276 1739 396 1832 majora,
407 1761 438 1810 et
453 1747 530 1810 vinei
543 1748 653 1830 gaudet
667 1749 705 1812 ab
719 1749 780 1812 illo.

106 1844 171 1908 Hie
185 1866 239 1906 sua
252 1844 381 1927 praeserri
397 1865 567 1930 quanquam
582 1858 663 1909 vetat
678 1859 744 1909 aeta
757 1845 905 1929 patemis3
1022 1849 1086 1912 305

107 1940 222 2004 Libera
237 1939 315 2002 sama
329 1953 439 2017 tamen,
454 1940 599 2023 nullisque
614 1942 743 2004 obnoxia
752 1941 853 2025 jussis,

105 2036 240 2100 invitum
255 2034 388 2119 prafert3
410 2035 531 2119 unique
545 2037 575 2098 in
589 2050 673 2119 parte
687 2050 843 2120 repugnat.

106 2133 161 2197 Sio
175 2134 273 2215 magni
287 2133 368 2195 cedit
383 2133 472 2196 titulis
490 2132 722 2215 Agamemnonis
737 2134 866 2197 Atreus:

106 2229 208 2311 AEgea
222 2231 264 2292 sio
278 2229 427 2319 Theseus,
441 2230 484 2292 sie
498 2229 592 2293 Pelea
606 2231 697 2294 vineit
711 2231 857 2294 Achilles.

106 2325 261 2408 Denique,
276 2340 309 2387 ut
323 2324 471 2406 exemplis
488 2326 566 2406 ipsos
581 2327 762 2408 aequantibus
776 2341 852 2403 utar,
1022 2329 1087 2392 310

107 2421 161 2486 Sic
177 2434 207 2483 et
222 2421 365 2484 Saturnus
380 2420 474 2481 minor
488 2433 533 2480 est
547 2419 645 2491 lore..
681 2420 800 2502 Jupiter
813 2414 896 2483 aeres

106 2516 274 2601 Temperat
287 2517 438 2592 ethereas,
454 2529 484 2576 et
498 2514 600 2576 mundi
615 2535 706 2596 regna
718 2513 874 2578 triformis:

106 2613 205 2677 Terra
218 2615 272 2676 sub
287 2615 445 2695 Augusto:
469 2625 553 2711 pater
568 2624 613 2674 est
627 2625 659 2688 et
672 2626 769 2675 rector
779 2625 915 2724 uterque.

153 2708 207 2786 Di,
222 2731 337 2793 precor,
353 2707 458 2771 AEneae
472 2694 606 2786 odmites,
622 2709 727 2793 quibus
741 2709 818 2774 ensis
834 2724 864 2773 et
879 2710 953 2792 ignis

106 2804 285 2884 Cessemnt,
300 2806 389 2889 dique
404 2803 566 2886 Indigetes,
581 2807 766 2889 genitorque,
781 2806 921 2884 Quirine,
967 2868 975 2876 ,
1021 2809 1086 2872 ele

105 2901 211 2980 Urbis,
226 2916 256 2964 et
270 2902 370 2964 invicti
385 2902 509 2983 genitor,
525 2900 667 2978 Gradive,
682 2899 811 2979 Quirini,

108 2997 264 3083 Vestaque
278 2998 432 3062 Caesareos
446 2997 521 3058 inter
535 3010 647 3059 sacrata
662 2995 804 3075 Penates,

107 3093 235 3158 Etcum
250 3092 390 3158 Caesareis
403 3105 447 3170 tu,
461 3090 581 3155 Phoebe
596 3093 768 3172 domestice,
783 3092 906 3173 Vesta,

107 3189 233 3276 Quique
247 3206 331 3254 tenes
346 3191 421 3253 altus
434 3189 590 3274 Tarpeias,
605 3189 733 3274 Jupiter,
748 3213 840 3271 eroes,

107 3285 257 3372 Quosque
272 3287 343 3351 alios
357 3287 417 3351 vati
431 3286 474 3349 fas
484 3287 639 3370 'appellare
653 3288 815 3374 piumque3
1020 3289 1085 3352 δῦ)

106 3384 210 3448 Tarda
224 3386 261 3448 sit
276 3385 325 3447 illa
339 3384 412 3462 dies,
427 3397 458 3446 et
471 3395 572 3446 nostro
586 3385 678 3447 serior
691 3406 765 3461 avo,

106 3480 184 3556 Qus
197 3495 288 3565 eaput
302 3481 483 3564 Augustum,
499 3500 587 3566 quem
601 3493 758 3564 temperat,
769 3479 841 3543 orbe
854 3478 958 3545 mlieto
1024 3517 1025 3520 ι

105 3577 246 3641 Accedat
259 3577 348 3656 eaelo,
363 3576 520 3661 faveatque
534 3566 852 3661 preomtibusabsens.
910 3588 915 3599 “
