2348 4102
404 413 406 416 ’
496 398 605 451 LIBER
626 397 684 448 XV.
1011 389 1073 453 ld'l

54 562 57 566 '
96 547 267 632 Tyndaris:
291 560 322 610 et
336 568 447 625 secum,
461 570 515 611 cur
529 549 566 610 sit
579 548 624 611 bis
637 560 731 630 rapta,
746 544 876 629 requirit.

96 644 236 729 Tempus
252 644 331 707 edax
345 665 453 721 rerum,
469 658 571 728 tuque,
586 645 728 707 invidiosa
742 655 883 721 venetas,
1015 643 1076 705 rto

99 740 210 804 Omnia
224 741 387 804 destruitis:
412 741 570 824 vitiataque
585 741 722 804 dentibus
737 741 792 802 aevi
857 784 862 790 -

98 837 249 900 Paulatim
263 836 346 900 lenti
359 837 529 900 consumitis
544 837 643 922 omnia
657 850 763 897 morte.

141 933 173 996 N
174 955 192 996 e
206 947 307 996 tamen
321 932 418 996 oblitis
433 933 471 995 ad
484 946 596 994 metam
609 931 730 994 tendere
745 931 834 1011 longe

71 1087 78 1096 ,
99 1029 312 1113 Exspatiemur
326 1031 427 1112 equis3
448 1029 570 1106 coelum,
585 1042 616 1091 et
630 1028 828 1111 quodcunque
840 1026 897 1088 sub
911 1025 962 1088 illo
977 1039 1033 1103 est,

98 1124 242 1188 Immutat
257 1125 374 1202 formas,
388 1127 546 1208 tellusque,
561 1137 591 1187 et
607 1124 746 1208 quicquid
760 1124 790 1185 in
804 1122 856 1185 illd
869 1136 925 1185 est.
955 1122 957 1124 ’
1016 1123 1077 1186 175

98 1219 165 1284 Nos
181 1243 298 1306 quoque
314 1244 381 1306 pars
395 1221 508 1299 mundi,
526 1220 680 1307 (quoniam
695 1241 755 1283 non
769 1239 893 1304 corpora
906 1220 1013 1296 soldm,

99 1316 216 1380 Verbm
230 1319 319 1381 etiarn
335 1321 469 1383 volucres
484 1320 586 1382 anima
601 1339 714 1394 sumus,
728 1318 818 1405 inque
832 1315 937 1379 serinac

99 1413 263 1478 Possumus
277 1417 319 1478 ire
334 1417 447 1491 domos,
459 1415 671 1497 pecudumque
685 1415 715 1476 in
730 1427 852 1496 pectora
865 1410 979 1496 condi,)

99 1509 246 1594 Corpora,
263 1533 326 1594 quae
342 1511 454 1592 possint
469 1510 579 1570 animas
594 1509 731 1569 habuisse
746 1522 912 1589 parentum,

68 1666 70 1668 ,
98 1607 164 1670 Aut
177 1606 311 1683 fratrum,
327 1618 377 1666 aut
391 1606 489 1687 aliquo
499 1597 670 1688 junctorum
685 1601 797 1665 loedere
811 1604 906 1680 nobis,
1016 1604 1077 1666 180

101 1703 165 1766 Aut
180 1703 335 1764 hominurn
348 1701 440 1777 certe,
456 1713 519 1762 tuta
533 1721 599 1763 esse
614 1713 644 1762 et
659 1700 784 1762 honesta
797 1700 952 1764 sinamus:

99 1798 189 1861 Neve
204 1797 367 1879 Thyesteis
380 1798 566 1874 cumulemur
580 1798 825 1860 viscera-mersis.

98 1893 206 1968 Quam
219 1893 297 1955 male
312 1894 489 1970 consuescit,
504 1894 594 1977 quim
607 1914 641 1954 se
656 1907 739 1975 parat
753 1894 803 1955 ille
817 1894 913 1956 cruori

99 1989 215 2073 impius
229 1990 369 2067 humana·
384 1989 468 2052 vituli
483 1990 532 2072 qui
547 2002 664 2071 guttura
677 1989 772 2051 cultro
838 2005 840 2008 ·

99 2085 230 2168 Rumpit
241 2107 250 2162 ;
272 2100 303 2149 et
316 2087 453 2148 immotas
467 2086 579 2170 praebet
592 2087 751 2168 mugitibus
766 2085 868 2149 aures!
1017 2085 1077 2147 185

99 2182 165 2244 Aut
180 2183 230 2265 qui
245 2184 358 2264 vagitus
373 2183 481 2245 similes
497 2182 656 2266 puerilibus
671 2183 789 2245 haedum
813 2184 817 2191 '

100 2277 252 2341 Edentcm
262 2277 398 2361 jugulare
413 2292 528 2361 potest3
551 2293 602 2340 aut
616 2279 684 2341 alite
699 2280 791 2355 vesci,

99 2372 162 2438 cui
176 2374 258 2436 dedit
274 2375 337 2456 ipse
351 2374 453 2436 cibos!
477 2386 619 2457 quantum
633 2386 687 2449 est,
703 2375 782 2455 quod
796 2374 873 2436 desit
886 2375 916 2436 in
930 2374 991 2437 istis

100 2470 154 2534 Ad
168 2471 289 2554 plenum
305 2468 434 2531 facinus!
456 2468 517 2551 qud
531 2468 668 2529 transitus
683 2468 752 2551 inde
771 2469 919 2550 paranrrl

144 2565 208 2628 Bos
224 2580 297 2644 aret,
313 2579 363 2628 aut
378 2578 504 2627 mortem
518 2563 678 2626 senioribus
694 2564 820 2646 imputet
834 2563 934 2627 anuis:
954 2634 955 2639 η
1016 2564 1077 2628 190

100 2660 286 2725 Horrit'erum
300 2675 401 2725 contra
415 2661 536 2723 Borean
549 2660 613 2722 ovis
628 2681 708 2722 arma
722 2660 883 2723 ministret:
951 2656 955 2660 ’

99 2757 204 2822 Ubera
219 2758 290 2821 dent
301 2771 406 2820 sature
421 2757 555 2819 manibus
571 2757 729 2838 pressanda
743 2756 876 2838 capelle.

99 2853 192 2917 Retia
205 2875 275 2915 cum
290 2852 412 2937 pedicis,
427 2853 607 2936 laqueosque
622 2866 759 2933 artesque
774 2851 889 2914 dolosas

99 2949 230 3013 Tollite:
253 2971 309 3013 nec
325 2950 475 3010 volucrem
490 2946 601 3010 viscatis
614 2945 704 3032 fallite
720 2945 819 3027 virgi:

100 3045 169 3109 Nec
184 3045 343 3108 formidatis
357 3064 461 3107 cervos
476 3043 614 3105 includite
630 3042 742 3126 pinnis:
977 3078 980 3083 ·
1016 3043 1077 3107 195

99 3140 132 3204 N
134 3162 170 3204 ec
183 3142 280 3204 celate
293 3141 365 3205 cibis
380 3161 471 3202 uncos
486 3137 638 3202 fallacibus
653 3139 768 3201 hamos.
836 3136 838 3140 ’

99 3235 234 3315 Perdite,
245 3238 269 3299 si
280 3259 338 3320 qua
347 3249 455 3300 nocent
467 3257 474 3297 :
497 3236 600 3299 versun
612 3235 676 3298 hec
687 3228 806 3318 quoque
821 3233 934 3317 perdite
949 3235 1075 3298 tanturn.

98 3331 165 3397 Ora
180 3347 287 3397 vacent
302 3333 407 3419 epulis,
423 3333 620 3416 alimentaque
634 3353 764 3420 congrua
778 3327 947 3411 carpant.'’'
