2348 4102
1013 216 1056 233 1..-

1007 234 1012 247 Ι

1106 250 1115 267 .
1127 224 1151 267 ἢ

509 316 617 366 trane
635 317 656 366 r.
1008 250 1141 393 llihlag

1098 388 1141 419 ιη

89 460 205 523 Hostes
219 481 342 543 queque
356 481 434 523 suos.
479 463 575 524 Amor
589 476 633 523 est
648 463 720 523 mihi
734 482 823 524 causa
837 462 990 544 sequendi.

89 555 148 618 Me
161 557 320 618 miserum!
341 578 378 618 ne
393 577 487 637 prona
500 558 599 632 cadas,
615 558 771 637 indignave
785 558 851 618 laedi

89 650 190 714 Crura
203 664 305 714 secent
318 665 433 727 sentes3
456 665 486 713 et
500 653 556 713 sim
569 653 622 713 tibi
636 673 726 713 cause
740 652 856 713 doloris.
1000 653 1064 715 460

90 748 221 826 Aspera,
237 746 297 827 qud
310 768 459 828 properas,
474 749 540 808 loca
553 760 630 808 sunt.
675 745 867 822 Moderatiirs‚
882 768 943 823 oro,

91 840 200 915 Curre,
215 840 371 923 fugamque
386 843 501 903 inhibe:
524 842 701 903 moderatius
715 842 851 922 insequar
865 842 939 923 ipse.

91 936 154 999 Cui
168 937 295 1018 placeas,
310 937 422 1018 inquire
438 950 548 997 tamen.
593 935 663 996 Non
678 937 773 997 incola
786 937 902 1012 montis,

92 1029 164 1091 Non
179 1052 234 1111 ego
248 1052 313 1091 sum
329 1045 443 1113 pastor:
466 1052 525 1092 non
540 1031 589 1091 hic
604 1044 745 1106 armenta,
761 1051 903 1111 gregesve

92 1123 237 1186 Horridus
250 1124 424 1187 observes
430 1124 546 1201 Nescis,
562 1125 724 1200 temeraria,
740 1125 835 1186 nescis
1002 1127 1065 1187 465

91 1218 197 1291 Quem
212 1219 321 1300 firgias:
343 1221 469 1301 ideoque
483 1220 568 1299 fugis.
612 1218 690 1280 Mihi
705 1220 855 1302 Delphica
868 1220 966 1295 tellus,

91 1313 135 1375 Et
150 1313 266 1392 Claros,
280 1328 310 1376 et
325 1315 477 1391 TenedoS,
491 1314 683 1396 Patareaque
698 1317 778 1396 regia
792 1316 891 1377 servit.

90 1407 209 1490 Jupiter
223 1422 267 1470 est
282 1411 404 1489 genitor.
448 1409 510 1471 Per
523 1431 582 1485 me,
598 1411 677 1491 quod
693 1411 815 1493 eritque,
831 1410 954 1493 fuitque,

92 1502 218 1585 Estque,
233 1518 332 1585 patet:
356 1526 411 1585 per
424 1526 473 1564 me
488 1505 666 1565 concordant
680 1506 808 1567 carmina
821 1506 929 1567 nervis.

91 1597 185 1660 Certa
199 1600 321 1681 quidem
335 1612 434 1659 nostra
447 1612 508 1658 est:
531 1597 632 1658 nostrh
645 1611 744 1659 tamen
758 1620 817 1659 una
829 1599 937 1679 sagitte
1002 1601 1068 1660 470

90 1692 219 1769 Certior,
234 1694 264 1754 in
281 1713 376 1753 vacuo
391 1715 454 1774 quae
469 1693 589 1753 vulnera
602 1706 722 1773 pectore
737 1692 816 1755 fecit.

90 1774 250 1850 Inveritum
263 1787 410 1849 medicine
423 1809 524 1849 meum
538 1801 601 1863 est3
622 1787 773 1869 opiferque
788 1809 842 1871 per
854 1788 955 1851 orbem

90 1882 205 1958 Dicor;
227 1896 257 1945 et
270 1884 426 1944 herbarum
440 1883 573 1966 subjecta
587 1884 718 1963 potentia
732 1884 826 1944 nobis.

90 1978 154 2041 Hei
168 1979 250 2054 mihi,
265 1978 343 2060 qubd
358 1979 444 2038 nullis
459 1998 540 2038 arnor
554 1991 598 2038 est
613 1978 793 2038 medicabilis
807 1978 921 2038 herbis:

90 2072 161 2136 Nec
176 2087 296 2156 prosunt
310 2074 439 2148 domino,
455 2094 518 2154 quae
532 2085 654 2154 prosunt
668 2071 814 2148 omnibus,
829 2084 906 2134 artes
915 2072 935 2134 !’
1002 2074 1066 2136 47³

90 2170 184 2231 Plura
197 2170 362 2231 locuturum
376 2170 478 2230 timido
493 2168 609 2230 Peneia
621 2189 708 2230 cursu

91 2264 203 2345 Fugit3
223 2286 350 2347 cumque
365 2265 429 2346 ipso
443 2265 533 2325 verba
546 2263 718 2345 imperfecta
732 2264 858 2346 reliquit.

134 2358 179 2421 Ut
193 2361 273 2421 canis
289 2360 317 2421 in
332 2380 427 2420 vacuo
441 2360 573 2440 leporem
587 2360 656 2420 clun
671 2358 804 2420 Gallicus
819 2379 890 2420 arve

95 2454 194 2531 vidit;
216 2469 247 2517 et
261 2456 311 2514 hic
326 2453 455 2534 predam
470 2453 594 2532 pedibus
608 2453 693 2531 petit,
709 2453 757 2512 ille
773 2454 914 2514 salutem:

92 2551 179 2612 Alter
191 2551 336 2613 inhesuro
350 2548 459 2622 similis,
471 2546 534 2629 jam
545 2545 667 2629 jamque
682 2558 783 2606 tenere
1001 2548 1066 2611 48)

90 2647 209 2728 Sperat,
223 2660 254 2708 et
269 2658 391 2707 extento
404 2644 518 2724 stringit
533 2642 655 2722 vestigia
668 2658 776 2703 rostro:

92 2743 179 2803 Alter
193 2743 222 2803 in
237 2741 373 2821 ambiguo
388 2754 442 2816 est,
458 2761 495 2801 en
509 2740 545 2801 sit
561 2739 732 2821 deprensus,
747 2750 777 2799 et
791 2738 862 2819 ipsis

91 2836 240 2899 Morsibus
256 2837 386 2919 eripitur,
400 2836 606 2918 tangentiaque
621 2856 672 2896 ora
686 2834 838 2916 relinquit:

89 2933 143 2995 Sic
158 2934 241 3009 deuS,
254 2947 285 2996 et
299 2934 381 3013 virgo
395 2946 458 2994 est:
481 2934 530 2993 hic
545 2953 598 3012 spe
613 2930 702 3003 celer,
718 2930 766 2990 illa
779 2930 893 2990 timore.

91 3029 158 3102 Qui
173 3043 270 3091 tamen
286 3030 458 3111 insequitur,
473 3028 578 3108 pennis
593 3025 710 3108 adjutus
724 3023 843 3085 Amoris
1002 3025 1066 3087 485

91 3125 185 3187 Ocior
198 3139 253 3201 est,
268 3126 458 3207 requiemque
474 3135 577 3203 negat:
601 3135 740 3203 tergoque
756 3119 853 3202 fugaci

92 3221 250 3297 Imminet3
272 3236 301 3283 et
316 3223 427 3283 crinem
442 3240 573 3302 sparsum
587 3217 749 3279 cervicibus
763 3217 852 3279 afflat.

137 3318 256 3381 Viribus
270 3318 409 3381 absumtis
423 3315 566 3397 expalluit
580 3315 645 3376 illa:
668 3314 792 3395 citeque

94 3415 183 3478 Victa
196 3417 296 3477 labore
311 3414 397 3496 fuge,
412 3424 549 3495 spectans
562 3410 711 3472 Peneidas
726 3408 829 3482 undas,

391 3509 439 3571 qs
