2348 4102
390 624 774 704 HEROIDES.

335 1087 338 1093 ¹
451 1002 671 1072 sersaoni
694 1008 720 1072 1.

423 1192 592 1240 andanem
621 1199 744 1241 mss!-

93 1357 193 1421 Hnnc
209 1371 260 1420 tua
273 1357 428 1440 Penelope
442 1359 524 1423 lento
538 1359 591 1422 tibi
605 1360 704 1436 mittit,
719 1357 840 1442 Ulysso.

140 1452 192 1515 Nil
206 1454 278 1516 mihi
291 1454 432 1515 rescribas
446 1466 479 1514 ut
492 1466 603 1529 tamen,
619 1455 682 1535 ipse
697 1457 776 1518 veni.

92 1549 189 1634 Troja
200 1550 283 1633 jacet
297 1550 390 1624 certe,
405 1548 519 1610 Danais
535 1548 627 1609 invisa
641 1549 758 1630 puellis.
858 1571 860 1576 ’
964 1582 966 1584 -

90 1673 94 1679 ’
140 1645 205 1706 Vix
221 1644 355 1727 Priamus
371 1644 455 1720 tanti,
470 1657 589 1726 totaque
604 1643 706 1727 Troja‚
722 1643 787 1706 luit.

92 1740 230 1815 Quando
245 1761 301 1821 ego
315 1762 373 1803 non
389 1741 472 1803 timui
487 1741 617 1822 graviora
632 1741 764 1823 pericula
778 1740 876 1804 veris?
1051 1745 1073 1806 5

141 1836 206 1899 Res
221 1850 265 1898 est
280 1837 394 1900 solliciti
408 1838 497 1920 plena
511 1839 622 1900 timoris
637 1860 729 1901 amor.

43 1961 53 1971 ·
91 1932 132 1995 In
147 1945 177 1994 te
191 1933 338 2014 fingebam
352 1933 497 1995 violentos
512 1933 608 1996 Troas
622 1935 730 1996 ituros:

140 2028 270 2091 Nomine
285 2031 314 2091 in
330 2029 482 2094 Hectoreo
496 2030 604 2112 pallida
618 2051 736 2114 semper
750 2050 842 2094 eram.

93 2126 168 2190 Sive
184 2127 250 2209 quis
262 2126 456 2189 Antilochum
470 2127 604 2189 narrabat
619 2129 657 2190 ab
673 2126 805 2202 Hectore
820 2127 950 2206 vietum3
1081 2194 1084 2198 ,

140 2222 317 2284 Antilochus
331 2223 422 2284 nostri
436 2244 526 2284 causa
540 2223 650 2286 timoris
665 2237 745 2287 erat:
1032 2228 1073 2289 10

71 2307 72 2310 ¹
93 2318 168 2381 Sive
182 2316 388 2381 Menoetiaden
402 2317 480 2379 falsis
494 2319 635 2386 cecidisse
650 2320 704 2381 sub
719 2320 823 2396 armis;

139 2413 266 2477 Flebam
281 2433 417 2476 successu
435 2412 636 2494 posse'carere
652 2413 746 2475 dolos.
790 2444 792 2446 ·

93 2511 245 2592 Sanguine
260 2510 455 2592 Tlepolemus
470 2508 597 2591 Lyciam
611 2508 793 2591 tepefecerat
807 2510 943 2588 hastam

139 2606 310 2688 Tlepolemi
323 2607 384 2668 leto
397 2626 468 2667 cura
482 2619 589 2667 novata
602 2623 671 2668 mea
684 2618 740 2668 est.

94 2703 247 2786 Denique,
263 2703 392 2787 quisquis
407 2716 469 2764 erat
483 2703 583 2765 eastris
594 2703 745 2786 jugulatus
760 2703 896 2783 Achivis,
1031 2707 1071 2768 15

139 2789 287 2880 Frigidius
301 2800 395 2880 glacie
411 2813 516 2881 pectus
530 2801 654 2861 amantis
670 2813 743 2861 eret.
830 2849 833 2854 .

95 2896 158 2959 Sed
172 2898 248 2971 bene
264 2896 409 2958 consuluit
423 2909 505 2957 casto
520 2894 593 2956 deus
609 2912 709 2976 aquus
724 2896 826 2957 amori.
892 2902 896 2905 ’

139 2991 235 3054 Versa
250 3005 295 3054 est
309 2992 339 3053 in
353 2991 484 3052 cinerem
498 2990 608 3072 sospite
622 2989 716 3074 'Iloja
730 2990 803 3052 viro.

97 3089 228 3170 Argolici
242 3087 356 3150 rediere
371 3088 482 3150 duces:
504 3084 607 3149 altaria
621 3086 750 3150 firmant:

137 3185 264 3247 Ponitur
277 3185 313 3248 ad
330 3185 438 3267 patrios
452 3182 575 3247 barbara
589 3184 689 3267 preda
702 3185 785 3248 deos.
1028 3189 1071 3251 20

94 3281 189 3342 Grata
204 3281 299 3342 ferunt
314 3279 465 3363 Nympha
480 3300 534 3363 pro
548 3282 635 3344 salvis
650 3282 728 3344 dona
738 3282 867 3344 maritis:
1060 3298 1061 3302 ’

137 3377 185 3439 llli
200 3377 278 3438 victa
291 3376 350 3438 suis
364 3375 457 3438 Troia
472 3375 531 3437 sata
544 3373 664 3441 canunt.

96 3473 242 3535 Mirantur
251 3471 381 3556 justique
396 3492 492 3549 senes,
507 3472 688 3556 trepidaque
702 3465 825 3554 puelle:

138 3568 290 3634 Narrantis
303 3567 414 3654 conjux
428 3568 540 3652 pendet
553 3567 655 3632 abore
670 3566 734 3630 viri.
