2348 4102
104 351 166 414 tos
394 357 749 409 ιιιιιιιοιιιιιοιιοιι.

101 506 281 590 Hesperidas
296 508 420 569 dondsse
436 523 532 589 putes.
578 507 610 568 Si
626 507 757 589 postibus
773 505 839 566 altis

99 604 242 666 Admovit
257 605 379 684 digitos3
403 621 502 685 postes
517 603 628 664 radiare
644 603 790 663 videntur.

99 697 153 760 Ille
169 699 257 782 etiam
272 699 387 781 liquidis
403 700 514 780 palmas
528 699 577 759 ubi
593 699 703 759 laverat
719 698 815 773 uudis,

98 793 189 857 Unda
203 776 299 856 fluens
314 796 418 877 palmis
434 794 561 855 Danaen
576 794 697 855 eludere
713 806 822 875 posset

144 891 206 954 Vix
222 913 290 974 spes
306 892 368 974 ipse
383 912 449 951 suas
465 885 562 951 animo
577 891 666 971 capit,
682 909 770 950 aurea
783 888 897 969 fingens

98 982 219 1050 Omnia.
265 987 414 1048 Gaudent
393 999 544 1047 tmensas
559 981 684 1066 pusueie
698 976 831 1059 ministri,

99 1082 274 1144 Exstructas
290 1083 423 1162 dapibus,
439 1102 494 1143 nec
509 1094 591 1142 tostae
608 1079 696 1160 frugis
710 1093 843 1160 egentes.

98 1176 180 1240 Tum
196 1177 277 1254 verb,
293 1179 355 1239 sivo
370 1178 417 1239 ille
432 1179 486 1238 sua
501 1175 639 1239 Cerealia
654 1174 760 1237 dextrb

97 1271 227 1334 Munera
240 1275 411 1353 contigerat,
428 1273 566 1333 Cerealia
580 1273 656 1332 dona
670 1272 812 1352 rigebant.
828 1283 833 1290 '

98 1367 169 1430 Sive
184 1368 275 1450 dapes
290 1367 377 1429 'avido
391 1368 558 1429 convellere
573 1368 661 1428 dente
684 1367 816 1450 parabat,
907 1396 922 1423 Δ,

98 1459 224 1526 Lamina
239 1464 319 1526 fulva
333 1465 425 1547 dapes
440 1465 559 1526 admoto
574 1464 663 1541 dente
678 1465 820 1525 nitebunt.

97 1556 260 1625 Miscuerat
276 1562 354 1642 puris
370 1576 520 1624 auctorem
536 1561 664 1622 muueris
675 1559 771 1635 undis,

98 1654 200 1718 Fusile
217 1679 271 1739 per
284 1657 374 1719 rictus
389 1679 491 1719 eurum
506 1657 621 1718 fluitare
637 1657 762 1718 videres.

141 1752 293 1814 Attonitus
308 1754 437 1815 novitate
453 1753 531 1827 mali,
547 1754 699 1833 divesque,
710 1752 857 1833 miserque
922 1790 932 1799 -

97 1846 240 1928 Effugere
255 1861 338 1931 optat
352 1869 442 1930 opes:
465 1865 506 1924 et,
523 1869 586 1930 quae
600 1847 691 1909 modo
706 1859 837 1923 voverat,
853 1847 926 1910 odit.

97 1943 196 2028 Copia
210 1946 291 2007 nulla
306 1945 414 2008 sarnern
428 1945 557 2007 relevat:
580 1945 641 2006 sitis
656 1942 735 2006 arida
749 1956 871 2024 guttur

96 2037 176 2116 Urit,
192 2056 222 2103 et
236 2043 328 2105 inviso
341 2043 461 2103 meritus
476 2055 627 2123 torquetur
641 2040 677 2101 ab
692 2061 772 2101 eure.

96 2133 149 2196 Ad
163 2137 332 2216 coelumque
348 2156 451 2196 manus
466 2149 497 2195 et
511 2134 664 2215 splendida
678 2133 797 2194 brachia
812 2132 927 2208 tollens,

97 2230 167 2291 ‘Da
181 2231 307 2306 veniam,
323 2229 433 2291 Lenaee
448 2244 549 2311 pater3
572 2228 782 2311 peoeavimus,’
798 2228 908 2312 inquit:

97 2326 179 2388 ‘Sed
193 2328 340 2404 miserere,
357 2345 470 2409 precor,
486 2326 679 2409 speciosoque
694 2327 776 2408 eripe
791 2326 921 2388 damno’

25 2471 27 2474 Α
96 2420 173 2485 Mite
189 2423 279 2484 dedm
292 2445 403 2485 numen
417 2422 558 2486 Bacchus
573 2423 714 2506 peccasse
730 2422 872 2485 fatentem

96 2518 249 2597 Restituit,
264 2535 441 2603 pactamque
457 2521 556 2596 fidem,
571 2521 639 2582 data
654 2541 784 2594 munera,
800 2519 897 2580 solvit.

11 2679 15 2689 ,
97 2615 203 2678 ‘Neve
218 2618 296 2677 male
311 2630 413 2698 optato
427 2636 547 2677 maneas
561 2616 739 2677 circumlitus
754 2636 836 2691 auro,
971 2603 974 2618 ⁷

97 2710 205 2787 Vade,'
223 2712 272 2787 ait,
288 2712 343 2771 ‘ad
358 2712 470 2790 magnis
457 2711 612 2771 vicinum
629 2711 769 2772 Sardibus
784 2730 921 2786 amnem3

95 2807 239 2890 Perque
227 2829 332 2891 jugum
347 2807 454 2870 montis
468 2806 632 2868 labentibus
646 2805 749 2868 obvius
764 2807 849 2868 undis

51 2888 56 2899 ⁵
96 2903 241 2985 Carpe'
215 2924 310 2980 vram3
333 2903 429 2966 donec
444 2903 544 2965 venias
559 2901 596 2963 ad
612 2901 739 2963 fluminis
753 2914 844 2963 ortus.

96 2998 219 3081 Spumif
214 3021 322 3081 eroque
338 3014 421 3062 tuum
436 2999 506 3062 font
487 3013 518 3076 tr,
534 3019 593 3082 qua
608 2998 748 3081 plurimus
763 2998 835 3075 exit,

96 3095 198 3156 Subde
213 3109 319 3176 caput:
343 3116 509 3176 corpusque
523 3096 620 3170 simul,
636 3094 722 3169 simul
738 3095 805 3156 elue
819 3093 954 3156 crimen!

96 3187 169 3250 Rex
177 3189 265 3272 jussae
280 3187 413 3248 succedit
427 3208 520 3269 aquae.
567 3187 621 3248 Vis
636 3200 724 3248 aurea
740 3188 826 3250 tinxit
899 3185 901 3189 ’

95 3284 235 3363 Flumen,
248 3301 277 3348 et
291 3287 420 3346 humano
435 3285 472 3346 de
487 3303 609 3364 corpore
623 3284 712 3345 cessit
725 3284 752 3346 in
769 3304 898 3349 munem.

96 3379 186 3444 Nunc
201 3402 318 3465 quoque
330 3380 393 3465 jam
408 3380 516 3442 veteris
531 3394 673 3462 percepto
688 3381 800 3442 semine
815 3400 898 3444 venae

96 3477 180 3540 Arva
193 3480 297 3560 rigent,
312 3500 382 3540 auro
396 3475 521 3539 madidis
534 3468 674 3558 pallentia
687 3477 791 3559 glebis.
