2348 4102
407 118 415 129 ι
703 78 714 111 i
837 82 851 115 e

444 136 578 193 ’Ἴ
647 154 724 193 ·t
792 160 852 207 ,ο

575 236 589 276 ι

415 411 539 494 »ΜΕΤᾼ
571 409 788 461 ORPHOSEON

379 496 394 525 ο
414 484 438 518 ‚h

118 559 168 623 Sic
183 571 245 619 erat
260 557 398 619 instabilis
414 559 510 633 tullus,
525 559 659 619 innabilis
673 559 762 632 unda,

117 654 210 716 Lucis
226 672 315 733 egens
327 657 392 714 adr:
416 655 488 714 nulli
503 674 556 714 sua
570 653 663 714 forma
676 655 823 714 manebat.

116 748 320 830 Obstabatque
336 750 399 809 aliis
414 750 506 809 aliud:
538 751 606 831 quia
620 770 741 830 corpore
757 750 786 808 in
801 769 859 808 uno

116 842 236 923 Frigida
250 845 419 925 pugnabant
433 845 545 919 calidis,
561 846 711 905 humentia
725 845 819 919 sicciS,

116 937 221 999 Mollia
235 960 304 998 cum
320 940 408 1013 duriS,
423 940 485 999 sine
502 940 632 1020 pondere
648 940 785 1000 habentia
800 940 924 1020 pondus.

116 1038 133 1067 r
157 1033 246 1094 Hanc
261 1033 346 1094 Deus
361 1047 391 1094 et
405 1036 508 1093 melior
522 1034 605 1093 litem
620 1032 733 1093 Natura
748 1035 879 1094 diremit:

114 1127 194 1190 Nam
209 1130 286 1189 coelo
301 1142 401 1202 terras,
417 1141 446 1187 et
461 1128 543 1187 terris
558 1128 680 1187 abscidit
694 1128 796 1202 undas,

115 1221 156 1285 Et
170 1223 313 1305 liquidum
328 1223 422 1303 spisso
436 1223 561 1282 secrevit
576 1224 612 1282 ab
627 1225 694 1282 aere
709 1225 830 1284 coelum.

115 1317 192 1390 Quae
208 1314 365 1399 pos'tquam
380 1318 500 1392 evolvit,
515 1339 653 1399 caecoque
669 1320 779 1380 exemit
794 1341 911 1396 acervo,

114 1413 282 1476 Dissociata
295 1415 368 1475 locis
383 1414 521 1474 concordi
532 1436 606 1496 pace
621 1414 732 1494 ligavit.

114 1508 207 1590 Ignea
220 1510 348 1571 convexi
364 1510 407 1570 vis
423 1524 452 1570 et
467 1510 529 1570 sine
545 1511 675 1591 pondere
689 1512 758 1572 coeli

114 1602 256 1681 Emicuit,
271 1605 445 1689 summaque
460 1607 558 1667 locum
573 1606 626 1667 sibi
641 1607 712 1687 legit
726 1607 755 1666 in
771 1624 848 1667 arce.

114 1698 272 1761 Proximus
287 1714 332 1762 est
346 1705 396 1761 ae'r
409 1702 450 1760 illi
464 1702 595 1774 levitate,
610 1703 753 1782 locoque:

113 1793 242 1857 Densior
256 1794 300 1855 his
315 1795 417 1855 tellus:
441 1795 646 1876 elementaque
661 1796 780 1874 grandia
795 1796 901 1869 traxit3

114 1886 155 1952 Et
171 1910 271 1971 pressa
285 1904 330 1951 est
344 1890 485 1970 gravitate
500 1890 556 1950 sui.
601 1889 802 1951 Circumfluus
816 1892 922 1952 humor

112 1984 227 2048 Ultima
240 1986 381 2068 possedit,
395 1986 580 2068 solidumque
594 1987 726 2049 coercuit
744 1988 855 2049 orbem.

156 2081 206 2143 Sic
220 2066 271 2142 ubi
280 2082 466 2175 dispositam,
482 2083 611 2167 quisquis
625 2083 741 2145 suitille
757 2084 889 2158 deorum,

112 2174 293 2257 Congeriem
307 2178 411 2253 secuit,
426 2190 597 2259 sectamque
612 2178 642 2237 in
656 2179 788 2239 membra
801 2178 914 2260 redegit
922 2202 929 2254 ;

112 2272 263 2354 Principio
277 2286 394 2349 terram,
408 2294 447 2334 ne
461 2295 520 2335 non
536 2274 653 2355 aequalis
668 2274 704 2335 ab
719 2275 799 2335 omni

111 2366 201 2430 Parte
217 2368 301 2444 foret,
315 2369 413 2449 magni
427 2369 560 2450 speciem
573 2370 746 2450 glomeravit
760 2371 790 2432 in
809 2372 896 2433 orbis.

111 2461 194 2526 Tum
207 2463 282 2526 freta
296 2464 429 2541 diffundi,
444 2465 610 2547 rabidisque
625 2480 789 2529 tumescere
805 2469 899 2529 ventis

110 2558 214 2635 Jussit,
230 2573 261 2621 et
275 2560 390 2622 ambita
405 2561 585 2624 circumdare
600 2563 696 2623 littora
710 2576 803 2623 terrae.

110 2654 237 2717 Addidit
251 2669 282 2716 et
297 2654 403 2730 fontes,
419 2655 620 2737 immensaque
635 2670 748 2736 stagna,
763 2657 922 2740 lacusque;

112 2748 310 2833 Fluminaque
325 2751 450 2833 obliquis
464 2750 557 2811 cinxit
571 2751 697 2813 declivia
710 2752 796 2833 ripis:

111 2842 189 2918 Quae
205 2845 320 2906 diversa
333 2845 406 2907 locis
420 2846 526 2928 partim
541 2848 693 2908 sorbentur
707 2849 743 2910 ab
758 2848 841 2930 ἱρείη

110 2938 143 3003 ln
160 2962 240 3003 mare
255 2942 430 3024 perveniunt
444 2943 560 3024 partim,
575 2965 741 3028 campoque
756 2959 877 3028 recepta

110 3034 270 3099 Liberioris
285 3059 379 3120 aquae,
393 3040 531 3121 proripis
546 3040 642 3103 littora
656 3043 783 3124 pulsant.
807 3074 813 3085 ,

109 3130 203 3195 Jussit
217 3149 247 3195 et
262 3133 383 3194 extendi
397 3156 530 3217 campos,
545 3138 695 3200 subsidere
710 3140 812 3213 valles,

110 3227 230 3291 Fronde
245 3230 305 3310 tegi
319 3230 416 3307 silvas,
431 3232 578 3314 lapidosos
593 3254 711 3313 surgere
725 3248 851 3296 montes

109 3322 212 3408 thue
228 3326 292 3388 duae
307 3326 413 3389 dextra
426 3330 547 3405 coelum,
561 3330 742 3413 totidemque
757 3331 872 3392 sinistra

109 3418 199 3484 Parte
214 3436 316 3485 secant
330 3446 423 3500 zonae,
438 3426 539 3508 quinta
553 3439 598 3488 est
612 3426 759 3489 ardentior
772 3427 845 3503 illis3

109 3512 159 3579 Sic
175 3539 249 3581 onus
264 3519 409 3583 inclusum
423 3542 546 3584 numero
561 3523 693 3587 distinxit
706 3524 813 3588 eodem

942 170 1062 233 ³·'tt·.‘

1109 160 1136 197 b
