2348 4102
394 280 503 388 turn
517 330 564 383 vt.
921 328 965 391 π

78 477 105 539 is
119 488 213 558 nupta
223 477 302 553 vide,
314 476 469 540 Pandione
483 490 562 554 nate,
573 483 687 540 marito.
904 482 966 544 180

78 592 184 633 meras:
207 573 303 633 scelus
318 584 362 633 est
375 573 470 653 pietas
484 573 514 632 in
528 572 654 655 conjuge
670 573 793 635 Tereo!

78 688 174 742 mora3
196 667 284 728 traxit
298 666 378 747 Ityn,
394 668 484 728 veluti
499 667 664 748 Gangetica
677 690 772 731 corve

78 774 171 824 entem
184 761 289 824 soetum
303 782 357 843 per
371 761 459 823 silvas
472 762 553 842 tigris
566 782 685 844 opacas.

79 878 96 919 e
111 856 216 918 domds
231 857 295 918 altae
311 869 425 937 partem
440 857 562 918 tenuere
577 871 739 932 remotam

78 953 242 1033 lentemque
257 971 371 1027 manus,
387 963 417 1012 et
427 950 491 1033 jam
505 972 558 1015 sua
572 951 632 1013 sata
646 952 807 1027 videntem,
907 954 967 1016 185

78 1046 90 1112 .'
107 1045 222 1128 etjam,
238 1053 246 1082 ‘
255 1044 369 1120 mater,’
384 1045 571 1122 clamantem,
587 1059 618 1107 et
631 1046 708 1108 eolla
721 1059 875 1131 petentem

91 1139 155 1201 serit
170 1140 297 1214 Procne,
311 1139 394 1201 lateri
408 1138 469 1222 qui
482 1153 586 1221 pectus
600 1140 744 1203 adhaeret:

78 1235 191 1295 vultum
205 1234 319 1295 avertit.
364 1233 442 1296 Setis
456 1235 497 1296 illi
512 1235 549 1296 ud
564 1234 623 1296 sata
637 1237 685 1297 vel
703 1257 796 1298 unum

78 1351 113 1390 us
128 1343 207 1405 erat3
225 1329 360 1412 jugulum
375 1329 451 1391 ferro
464 1329 632 1393 Philomela
645 1320 775 1396 resolvit.

78 1445 133 1506 que
149 1426 256 1499 adhuc,
271 1424 433 1504 animeque
448 1424 557 1505 aliquid
570 1427 726 1489 retinentia
740 1427 874 1489 membra
907 1429 967 1490 190

78 1519 157 1580 siant.
202 1518 276 1578 Pars
290 1516 359 1578 inde
373 1517 454 1577 cavis
469 1518 710 1580 exsultataiinis:

83 1614 211 1675 verubus
226 1611 343 1672 stridet:
366 1623 485 1671 manant
499 1611 660 1692 penetralia
674 1613 753 1675 tabo.

79 1708 187 1770 rdhibet
202 1705 312 1788 conjux
325 1706 459 1786 ignarum
472 1704 572 1768 Terea
585 1707 711 1770 mensis:

79 1803 135 1865 atrii
151 1802 238 1863 moris
253 1822 367 1863 sacrum
382 1801 516 1878 mentita,
530 1802 608 1883 quod
623 1803 674 1864 uni

79 1898 109 1960 rit
123 1897 202 1959 adire
217 1897 289 1972 viro,
303 1896 427 1958 comites
441 1895 624 1978 famulosque
639 1899 775 1960 removit.
909 1901 969 1962 195

79 2044 80 2058 ,
96 1993 201 2055 sedens
216 1992 299 2067 solio,
313 1989 441 2066 Tereus,
456 1990 588 2051 sublimis
603 1991 692 2067 avito,

79 2089 153 2150 itur:
177 2088 265 2169 inque
280 2107 364 2148 suam
379 2106 432 2147 sua
446 2086 560 2148 viscera
572 2085 704 2166 congerit
718 2087 829 2149 alvum.

78 2204 155 2265 aque
169 2204 229 2244 nox
244 2183 332 2244 animi
346 2194 402 2258 est,
418 2181 505 2264 ‘Ityn
520 2182 580 2245 huc
594 2183 753 2260 arcessite,’
769 2183 854 2246 dixit.

78 2279 190 2340 mulare
204 2279 306 2360 nequit
320 2277 449 2338 crudelia
467 2278 574 2358 gaudia
589 2277 724 2354 Procne3

79 2395 124 2457 [ue
139 2394 197 2435 suae
212 2373 336 2454 cupiens
350 2371 492 2432 exsistere
507 2372 610 2433 nuntia
623 2367 732 2447 cladis;
907 2377 971 2439 Μ

79 2491 98 2531 s
113 2470 216 2543 habes,
233 2467 311 2549 quod
326 2465 442 2548 poscis}
458 2465 508 2525 ait.
553 2464 761 2547 Circumspicit
776 2466 835 2542 ille,

82 2587 100 2627 e
114 2566 165 2626 ubi
180 2565 218 2626 sit
231 2563 343 2646 querit.
389 2560 554 2637 Querenti,
569 2560 734 2644 iterumque
749 2563 876 2639 vocanti,

80 2711 81 2719 ,
96 2674 159 2722 erat
174 2659 281 2741 sparsis
295 2658 389 2720 furiali
402 2655 483 2719 cede
497 2656 620 2738 capillis,

80 2757 138 2832 :liit‚
154 2755 295 2837 Ityosque
310 2768 401 2838 caput
414 2752 586 2816 Philomela,
595 2767 751 2815 cruentum

80 2852 126 2913 ;in
141 2872 192 2912 ora
206 2850 311 2933 patris:
335 2871 391 2911 nec
406 2862 539 2929 tempore
554 2848 657 2912 maluit
671 2847 732 2907 ullo
910 2850 973 2910 205
1068 2865 1069 2869 ’

80 2967 92 3008 a
107 2946 198 3028 loqui,
214 2960 244 3007 et
260 2945 370 3005 meritis
384 2943 484 3004 testari
499 2940 606 3021 gaudia
620 2940 715 3001 dietis.

80 3042 186 3103 stacius
201 3039 311 3121 ingenti
326 3058 442 3100 mensas
456 3037 589 3121 clamore
599 3036 741 3118 repellit(

81 3157 204 3218 reasque
219 3136 278 3197 ciet
292 3132 399 3216 Stygia
413 3133 451 3197 de
466 3132 542 3195 valle
556 3153 685 3195 sorores:

80 3232 155 3308 rodo,
170 3232 194 3293 si
209 3231 310 3313 possit,
324 3243 459 3292 reserato
468 3242 588 3313 pectore
603 3229 679 3291 diras

80 3349 132 3389 ere
149 3328 215 3389 inde
231 3328 332 3409 dapes,
347 3327 539 3412 demersaque
551 3327 663 3387 viscera
676 3326 781 3405 gestit:
906 3324 975 3386 elo

84 3423 184 3500 modi),
200 3445 291 3506 seque
307 3435 394 3497 vocat
407 3421 527 3500 bustum
540 3419 705 3497 miserabile
719 3419 797 3479 neti:
838 3456 842 3461 -

327 3518 377 3580 7*
