2348 4102
145 374 208 435 tao
460 380 808 431 neranoaruosnon

141 527 212 592 Non
226 531 354 611 captiva,
369 542 469 610 rogat;
491 530 623 610 genitrici
638 550 746 612 corpus
761 529 926 611 inemptum

141 624 290 688 Reddite:
313 647 390 686 neve
407 646 477 686 auro
492 625 615 686 redimat
626 626 675 708 jus
691 625 771 686 triste
787 625 926 707 sepulcri,

140 721 202 785 Sed
218 723 366 805 lacrymis.
410 722 511 799 Tunc,
525 724 595 784 cirrn
611 735 737 805 poterat,
751 723 916 785 redimebat
931 737 961 785 et
976 723 1069 786 auro!

147 842 152 847 ·
184 819 322 883 Dixerat.
369 821 412 882 At
427 821 556 903 populus
570 821 726 901 lacrymas,
742 840 814 903 quas
830 820 878 881 illa
893 821 1025 898 tenebat,
1075 814 1078 820 ’

140 916 211 979 Non
226 931 319 981 tenet.
363 915 433 1000 Ipse
448 917 537 978 etiam
551 916 626 978 flens
641 917 808 1000 invitusque
823 917 961 980 sacerdos
1057 919 1114 981 4ἵο

140 1013 269 1077 Praebita
282 1013 417 1098 conjecto
431 1015 510 1096 rupit
524 1014 683 1096 precordia
696 1014 783 1075 ferro.

140 1110 205 1188 Illa,
220 1125 430 1194 superterram
446 1107 563 1172 desecto
578 1111 692 1194 poplite
707 1112 821 1188 labens,

140 1207 267 1270 Pertulit
281 1207 442 1290 intrepidos
457 1208 495 1269 ad
511 1207 570 1269 fata
584 1208 744 1269 novissima
758 1209 868 1269 vultus.

139 1303 275 1367 Troades
289 1305 453 1386 excipiunt,
469 1304 697 1388 deploratosque
713 1318 868 1368 recensent
957 1296 964 1305 ’

140 1400 314 1477 Priamidas,
330 1415 360 1462 et
377 1401 447 1484 quid
461 1400 574 1463 dederit
589 1401 695 1463 domus
709 1423 768 1464 una
782 1401 903 1465 cruoris.
1055 1400 1112 1465 475

140 1497 249 1581 Teque
265 1497 398 1581 gemunt,
415 1498 515 1579 virg0;
537 1510 639 1582 teque,
654 1520 673 1561 0
687 1499 778 1561 modd
792 1499 873 1580 regia
888 1497 1011 1582 conjux,

140 1593 238 1677 Regia
254 1596 332 1658 dicta
347 1613 467 1678 parens,
486 1595 564 1658 Asiae
579 1596 709 1659 florentis
726 1597 841 1677 imag03

140 1690 231 1755 Nunc
246 1695 336 1773 etiam
351 1692 455 1775 prede
470 1693 548 1756 mala
562 1715 641 1755 sors:
665 1714 754 1775 quam
769 1694 863 1755 victor
876 1691 1006 1775 Ulysses

140 1788 216 1850 Esse
232 1811 315 1851 suam
330 1791 434 1866 nollet,
449 1790 504 1851 nisi
520 1789 599 1872 qudd
614 1803 714 1851 tamen
731 1787 862 1850 Hectore
877 1801 965 1872 pt'rtu'

139 1883 295 1949 Edideras.
341 1885 506 1949 Dominum
522 1887 607 1948 matri
622 1886 673 1948 vix
688 1884 797 1968 reperit
811 1882 939 1948 Hector.
1055 1884 1114 1948 teo

139 1980 218 2055 Quae
233 2004 339 2067 corpus
354 1985 514 2066 complexa
529 1984 707 2046 animatam
724 1982 805 2044 sortis
820 1983 918 2057 inane,

139 2076 226 2152 Quas
240 2081 327 2152 toties
336 2080 441 2162 patrie
458 2079 590 2155 dederat,
605 2080 750 2163 natisque,
766 2078 898 2161 viroque,

139 2173 220 2237 Huic
236 2196 353 2257 quoque
369 2175 419 2235 dat
434 2175 599 2255 lacrymas3
621 2175 768 2255 lacrymas
783 2176 813 2236 in
830 2175 954 2236 vulnera
968 2174 1080 2238 fundit:

138 2270 311 2353 Osculaque
326 2291 377 2332 ore
393 2270 474 2351 legit,
489 2282 690 2352 consuetaque
707 2285 829 2352 pectora
843 2271 973 2353 plangit:

139 2365 349 2450 Canitiemque
365 2387 450 2429 suam
464 2380 604 2429 concreto
618 2367 648 2429 in
664 2369 806 2448 sanguine
822 2385 952 2444 verrens,
1055 2367 1114 2431 485

138 2461 230 2526 Plura
245 2464 374 2547 quidem,
389 2465 442 2526 sed
458 2478 489 2527 et
504 2464 577 2541 hec,
593 2464 702 2526 laniato
717 2478 837 2546 pectore
852 2463 944 2524 dixit:

139 2553 238 2623 ‘Nata
252 2576 308 2623 tue
327 2561 412 2646 (quid
427 2563 507 2622 enim
522 2574 658 2642 superest
666 2559 694 2643 l)
712 2561 796 2621 dolor
809 2560 912 2621 ultime
927 2560 1025 2637 matri,

138 2655 227 2732 Nata,
239 2656 340 2739 jaces:
365 2656 512 2737 videoque
530 2669 624 2730 tuum,
639 2676 707 2717 mea
723 2657 853 2732 vulnera,
869 2657 987 2718 vulnus.

137 2750 198 2827 En,
213 2773 251 2813 ue
266 2751 444 2834 perdiderim
460 2770 628 2838 quenquam
642 2752 704 2811 sine
719 2752 800 2812 oaede
814 2772 960 2838 meorum,

136 2848 187 2912 Tu
203 2870 321 2934 quoque
337 2849 442 2911 vulnus
459 2849 561 2913 habes.
606 2848 705 2923 Atta,
722 2849 790 2930 quia
806 2848 938 2927 foemina,
953 2849 1040 2912 rebar
1053 2848 1115 2913 49⁰

137 2948 167 3009 A
183 2947 258 3009 lerro
273 2961 383 3010 tutam:
407 2945 539 3009 cecidisti
555 2960 585 3007 et
599 2945 720 3008 foemina
735 2944 821 3007 ferro.
904 3003 906 3005 ,

136 3035 258 3126 Totque
274 3058 340 3105 tuos
356 3044 436 3104 idern
452 3042 565 3119 fratres,
580 3055 610 3105 te
626 3043 752 3125 perdidit
767 3044 857 3119 idem,

137 3140 273 3202 Exitium
287 3138 396 3222 Trojae,
412 3140 561 3223 nostrique
577 3141 703 3215 orbator,
718 3140 863 3201 Achilles.
964 3150 966 3153 '

136 3239 180 3299 At
195 3251 352 3321 postquam
367 3234 483 3298 Paridis
497 3236 604 3298 cecidit
619 3235 787 3319 Phoebique
803 3235 932 3316 sagittis3

136 3335 256 3397 “Nunc
271 3334 385 3413 certe,''
401 3334 473 3410 dixi,
490 3341 510 3370 “
519 3353 578 3394 non
594 3345 640 3393 est
653 3332 830 3394 metuendus
843 3331 1015 3395 ‘Achilles”
1053 3335 1116 3397 495

136 3433 226 3495 Nunc
242 3453 359 3517 quoque
374 3431 416 3494 mi
430 3428 606 3492 metuendus
620 3443 696 3491 erat:
738 3428 823 3492 Cinis
838 3429 902 3512 ipse
921 3429 1029 3520 sepulti

137 3528 171 3592 ln
185 3545 278 3612 genus
293 3531 351 3593 hoc
365 3529 464 3592 saevit:
487 3526 602 3589 tumulo
616 3543 735 3611 quoque
749 3526 893 3599 sensimus
908 3526 1044 3593 hostem:
1088 3579 1092 3584 .
