2348 4102
393 347 396 358 ’
493 384 601 437 meaa
627 385 700 437 arv.

430 600 615 691 ‘arnan
634 627 726 692 xiv.
831 674 834 678 .
933 666 937 675 ,

364 815 473 857 ENBAS
498 816 541 858 m·
566 816 669 859 REGES
695 817 823 860 Annam.

536 984 566 1024 v.
579 965 653 1025 445.

104 1102 238 1166 Solvitur
251 1093 378 1167 herboso
391 1105 528 1186 religatus
544 1107 581 1169 ab
596 1128 703 1188 aggere
716 1106 811 1171 suuis:
871 1151 872 1154 =

104 1196 148 1261 Et
162 1201 265 1282 procul
279 1201 406 1278 insidias,
420 1200 630 1285 infamataeque
644 1204 813 1287 relinquunt

103 1293 204 1358 Tecta
218 1298 291 1375 deae,
305 1299 446 1382 lucosque
461 1313 577 1382 petunt,
592 1301 643 1364 ubi
654 1300 772 1364 'nubilus
787 1301 892 1366 umbra

103 1389 140 1454 In
155 1413 236 1454 mare
250 1415 319 1456 cum
334 1395 413 1457 flavit
426 1398 590 1478 prorumpit
604 1397 713 1479 Tybris
728 1398 829 1460 areni.

71 1488 74 1493 ’
102 1485 344 1573 Faunigenaeque
359 1490 447 1553 domo
461 1492 571 1572 potitur
584 1490 712 1573 natique
727 1491 846 1569 Latini3
1058 1500 1081 1563 5

103 1582 175 1647 Non
189 1585 252 1646 siue
267 1584 366 1646 Marte
381 1599 495 1647 temen.
535 1585 657 1648 Bellum
671 1607 741 1647 cum
754 1600 843 1668 gente
857 1586 947 1652 feroci

102 1679 288 1763 Suscipitur3
310 1681 457 1764 pactaque
471 1679 538 1744 furit
553 1703 607 1764 pro
620 1681 748 1765 conjuge
761 1681 893 1747 Tamus.
944 1756 948 1762 ,

144 1775 305 1838 Concurrit
319 1776 408 1840 Latio
421 1776 590 1860 Tyrrhenia
604 1790 683 1840 tota:
706 1779 817 1863 diuque

101 1872 208 1936 Ardua
222 1874 351 1937 sollicitis
366 1875 487 1937 vicetia
500 1863 637 1958 queritur
650 1876 748 1938 armis.

101 1968 206 2050 Auget
219 1983 344 2053 uterque
358 1990 426 2033 sues
440 1970 683 2034 enemo-robore
699 1972 792 2034 vires:
859 2045 863 2057 Ι
1040 1977 1080 2040 10

101 2063 144 2128 Et
160 2067 244 2128 multi
258 2066 399 2144 Rutulos,
414 2068 498 2129 multi
514 2067 645 2150 Trojana
661 2080 780 2130 tuentur
948 2147 949 2151 Ἰ

101 2161 219 2224 Castra.
264 2161 373 2246 Neque
389 2163 500 2227 AEneas
515 2163 647 2226 Evandri
661 2164 699 2228 ad
713 2165 814 2228 limina
827 2163 944 2244 frustral,

100 2258 147 2322 At
163 2257 298 2320 Venulus
313 2281 450 2340 magnam
465 2259 580 2342 profugi
594 2260 750 2324 Diomedis
765 2261 803 2323 ad
818 2262 922 2326 urbem

101 2352 246 2416 Venerat.
290 2353 345 2416 llle
360 2347 480 2436 quidem
494 2355 548 2416 sub
562 2354 677 2436 liipyge
691 2358 822 2419 maxima
838 2357 949 2422 Dauno

99 2449 218 2515 Moenie
230 2449 412 2525 condiderat,
426 2449 594 2532 dotaliaque
608 2470 678 2510 arva
692 2451 822 2512 tenebat.
1037 2456 1077 2521 15

100 2547 163 2610 Sed
179 2546 315 2609 Venulus
329 2545 425 2607 Turni
440 2558 596 2628 postquam
609 2545 747 2607 mandata
761 2546 886 2629 peregit,
994 2619 997 2623 ⁴

99 2644 316 2725 Amuliumque
331 2642 423 2725 petit3
445 2643 522 2704 vires
536 2641 665 2704 AEtolius
679 2642 767 2704 heros

100 2738 252 2803 Excusat:
275 2759 331 2801 nec
346 2759 378 2801 se
393 2738 488 2800 soceri
501 2737 686 2800 committere
702 2760 808 2821 pugna

101 2836 190 2898 Velle
204 2836 249 2897 sui
264 2835 406 2918 populos:
429 2855 497 2911 nec,
512 2855 586 2915 quos
601 2855 619 2895 e
634 2847 723 2914 gente
740 2855 859 2896 suorum
1038 2908 1040 2912 Ι

100 2932 217 3009 Armet,
232 2933 340 2993 hebere
356 2932 443 2992 viros.
488 2929 595 2991 Rutuli
609 2929 672 2990 sine
683 2927 792 2989 viribus
807 2929 862 2991 ill's
1032 2935 1075 2998 20

98 3027 188 3090 Bella
201 3029 341 3090 instructa
355 3039 479 3108 gerunt:
502 3024 688 3106 multumque
699 3024 736 3086 ab
748 3024 871 3108 utrique
883 3027 992 3090 cruoris

99 3124 190 3186 Parte
206 3126 301 3187 datur.
346 3122 420 3186 Fert
434 3142 506 3185 ecoe
522 3121 622 3184 avidas
636 3121 665 3182 in
680 3120 768 3203 pinea
781 3119 902 3185 Turnus

52 3269 65 3284 Ι
97 3219 200 3283 Texta
214 3220 309 3283 seces:
332 3221 473 3303 ignesque
488 3219 603 3296 timent,
619 3211 723 3301 quibus
737 3219 818 3282 unda
832 3221 976 3303 pepercit.

139 3315 268 3399 Jamque
283 3318 392 3399 picem,
408 3330 438 3378 et
452 3336 545 3391 ceras,
560 3316 757 3397 alimentaque
771 3329 876 3378 caetera
890 3317 1015 3380 flamme
1079 3369 1081 3372 ,

97 3412 248 3476 Mulciber
261 3413 373 3489 urebat,
388 3432 501 3495 perque
516 3411 608 3473 altum
623 3411 660 3473 ad
674 3411 795 3473 carbasa
808 3411 919 3472 malum
1030 3413 1073 3478 25

97 3507 173 3584 lbat,
190 3522 220 3571 et
234 3509 360 3573 incurvae
375 3508 526 3573 firmabant
540 3520 664 3570 transtra
677 3506 801 3574 carine:
