2348 4102
341 366 367 411 ξι
395 350 511 445 LIBER?
518 352 551 404 V.

70 519 128 562 one
142 499 187 562 bis
200 513 321 563 centum
335 501 486 583 riguemnt
499 520 623 583 corpora
638 501 711 563 visi.

70 596 163 660 enitet
177 585 275 680 injusti
289 616 367 658 nunc
381 595 512 680 denique
524 596 642 659 Phinea
655 596 736 659 belli.

70 690 135 775 quid
149 694 236 772 agat?
259 691 421 780 Simulacpa
436 690 518 756 videt
531 693 646 757 diuersa
658 693 775 774 figuris;

70 787 192 869 scitque
206 807 291 849 suos:
304 800 345 850 et
359 788 478 852 nomine
490 783 638 870 quemque
650 802 770 850 vocatos
900 791 961 853 155

69 883 91 944 it
105 903 211 966 opem:
233 884 416 966 credensque
431 905 546 966 parum,
561 884 615 946 sibi
629 884 764 966 proxima
777 883 869 964 tangit

70 998 141 1041 orn:
163 999 290 1041 marmor
303 991 396 1040 erant.
439 979 612 1063 Aventinum
633 993 722 1061 atque
736 980 777 1041 ita
790 980 932 1063 suppleat,¹

70 1073 207 1157 'essesque
221 1094 336 1152 manus,
350 1066 527 1160 obliqueme
539 1074 661 1138 brachia
674 1075 809 1152 tendens,

70 1171 133 1247 cis,'
149 1171 199 1248 ait,
214 1178 223 1208 ‘
232 1171 347 1234 Persou
355 1164 507 1252 :emme
523 1170 585 1234 sera
598 1185 745 1248 monstra3
767 1185 884 1255 tueque

70 1266 133 1330 icus
148 1266 256 1344 vultus,
272 1260 465 1353 quaecumque
469 1287 525 1346 ea,
540 1268 611 1330 tolle
625 1267 771 1330 Medusae.
902 1267 963 1331 160

70 1382 88 1438 ι,
103 1383 217 1445 precor.
262 1363 332 1427 Non
346 1384 409 1426 nos
413 1364 524 1441 odium,
538 1365 659 1474 regnive
673 1363 783 1447 cupido

71 1457 145 1540 pulit
159 1458 195 1519 ad
210 1442 346 1523 bellum·
361 1474 420 1542 pro
430 1461 557 1542 conjuge
571 1461 718 1521 movimus
732 1480 823 1522 anna.

71 1551 158 1616 afuit
172 1554 284 1615 meritis
298 1554 401 1616 melior
414 1566 482 1629 tua,
483 1567 626 1636 ternpore
640 1567 749 1616 nostra.

71 1649 196 1712 cessisse
211 1649 317 1730 piget:
333 1646 442 1725 Nihil,
448 1669 474 1710 n
488 1647 652 1725 fortissime,
667 1661 822 1731 preter

71 1744 220 1806 animam
234 1743 376 1805 concede·
372 1742 470 1841 milii·
493 1758 544 1804 tua
557 1757 664 1805 cetera
678 1757 775 1806 sunto
778 1744 787 1774 ⁹
873 1810 875 1817 ,
901 1743 962 1807 165

71 1839 209 1915 idicenti²
223 1857 321 1920 neque
336 1859 416 1913 eum,
431 1830 533 1920 qriem
535 1858 610 1900 voce
624 1839 756 1919 rogabat,

71 1935 154 1996 icere
168 1934 297 2010 audenti,
313 1933 446 2010 ‘Quod2
463 1935 530 2010 ait,
527 1940 538 1976 ·‘
547 1932 728 1995 timidissime
748 1933 877 2013 Phineu,

71 2050 165 2093 sssmn
179 2030 322 2106 tribuisse,
338 2051 373 2095 e
414 2050 523 2111 agnum
536 2051 643 2092 munus
658 2030 743 2094 inerti
756 2045 812 2108 est,

71 2145 92 2188 e
106 2125 234 2210 metum
251 2127 376 2189 tribuam
386 2127 497 2189 .nullo
513 2127 659 2190 violabere
674 2126 760 2191 ferro.

71 2222 178 2285 etiam
192 2244 328 2285 mansura
342 2224 419 2286 dabo
433 2237 692 2307 monumentaper
706 2245 820 2303 evum3
901 2228 962 2290 170
997 2229 1003 2237 '

71 2338 83 2380 s
99 2319 188 2382 domo
203 2319 297 2380 soceri
312 2339 430 2399 semper
445 2320 616 2399 spectabere
630 2323 737 2384 nostri·

71 2433 115 2475 rea
128 2434 160 2475 se
175 2413 275 2494 sponsi
289 2413 399 2474 soletur
412 2414 539 2493 imagine
554 2414 687 2495 conjux!

71 2525 94 2571 2:
117 2510 191 2570 etin
206 2521 321 2590 partem
336 2507 526 2589 Phorcynida
541 2507 685 2570 transtulit
701 2508 791 2585 illam,

71 2625 144 2686 ¹uam
158 2625 190 2665 se
205 2602 320 2686 trepido
333 2603 467 2666 Phineus
482 2604 647 2666 obverterat
661 2626 724 2667 ore.

86 2720 204 2782 quoque
218 2700 335 2761 conanti
349 2720 402 2761 sua
416 2698 536 2761 flectere
550 2701 662 2762 lumina
675 2701 778 2764 cervix
901 2705 962 2767 175

71 2796 129 2871 ⁸nit,
144 2815 276 2878 saxoque
290 2795 442 2858 oculorum
456 2795 585 2857 induruit
599 2796 715 2857 humor.

71 2905 163 2970 tamen
179 2913 211 2953 os
226 2891 372 2966 timidum,
388 2891 544 2971 vultusque
558 2889 588 2949 in
603 2910 749 2951 marmore
762 2893 901 2974 supplex,
955 2938 958 2943 ·

72 2986 204 3069 rissaeque
218 3006 333 3061 manus,
349 2983 496 3067 faciesque
510 2983 640 3046 obnoxia
652 2985 768 3048 mansit.
786 3045 789 3048 ⁴
894 3017 896 3022 ·
