2348 4102
94 363 138 434 ‘ae
410 362 759 421 nnannonruosaort

96 523 223 602 Surgere
238 522 320 601 signa
335 520 446 580 solent:
471 519 657 599 primumque
672 515 828 575 ostendere
843 513 980 590 vultum3

95 616 213 679 Caetera
229 615 387 696 paulatim:
412 613 586 694 placidoque
602 611 708 670 educta
724 623 825 670 tenore
1035 608 1080 671 90

94 708 176 772 Tota
191 723 311 791 patent3
334 710 452 789 imoque
469 707 562 788 pedes
577 706 604 765 in
621 705 752 783 margine
768 716 891 784 ponunt.

95 803 229 865 Territus
244 804 329 864 hoste
344 824 422 863 novo
438 801 572 862 Cadmus
588 819 695 878 capere
711 818 791 858 arma
806 798 946 878 parabat:

97 897 165 960 ‘Ne
180 899 277 979 cape,'
293 897 331 958 de
348 897 469 979 populo,
485 916 574 975 quem
589 909 665 954 terra
679 904 840 966 creaverat,
855 912 931 951 unus

97 992 275 1068 Exclamat3
299 999 372 1052 ‘nec
388 1005 417 1051 te
432 991 565 1050 civilibus
581 990 675 1048 insere
691 986 798 1046 bellis.'

96 1088 200 1169 Atque
215 1088 255 1147 ita
270 1085 421 1163 terrigenis
436 1083 529 1161 rigido
544 1083 581 1141 de
596 1081 731 1141 fratribus
745 1102 838 1140 unum
1038 1082 1078 1142 95

97 1181 244 1243 Cominus
259 1200 329 1239 ense
345 1178 427 1238 ferit:
447 1177 547 1259 jaculo
561 1177 641 1236 cadit
656 1177 770 1235 eminus
786 1175 861 1255 ipse.

98 1272 158 1334 Hic
174 1293 303 1355 quoque,
319 1273 369 1352 qui
384 1271 444 1331 leto
459 1272 592 1344 dederat,
607 1291 666 1330 non
681 1271 797 1349 longiis
813 1269 863 1330 illo

99 1366 194 1441 Vivit,
210 1380 240 1426 et
255 1366 396 1446 exspirat,
411 1365 501 1425 modti
518 1385 589 1446 quas
605 1378 771 1446 acceperat,
788 1385 882 1425 aurae.

98 1460 311 1544 Exemploque
327 1461 389 1541 pari
404 1459 472 1521 furit
487 1460 582 1521 omnis
597 1461 698 1521 turba:
722 1480 835 1541 suoque

99 1555 198 1619 Marte
212 1557 322 1618 cadunt
337 1556 424 1617 subiti
439 1577 493 1636 per
507 1569 611 1616 mutua
626 1556 746 1616 vulnera
761 1554 873 1615 fratres.
1021 1558 1092 1615 100·

98 1653 228 1735 Jamque
243 1655 340 1715 brevis
355 1655 483 1734 spatium
499 1655 565 1714 vitae
580 1654 680 1714 sortita
691 1653 831 1734 juventus

99 1747 300 1827 Sanguineam
315 1748 431 1828 trepido
446 1749 624 1828 plangebant
639 1760 760 1828 pectore
775 1760 912 1821 matrem,

99 1840 244 1922 Quinque
259 1842 478 1923 superstitibus:
503 1862 628 1922 quorum
642 1841 697 1903 fuit
710 1863 786 1902 unus
802 1838 930 1902 Echion.

99 1935 130 1999 Is
145 1957 197 1998 sua
208 1936 281 2020 jecit
296 1936 389 2013 humi,
404 1937 517 1998 monitu
533 1936 705 2013 Tritonidis,
718 1958 800 2013 arma
809 1958 817 2011 3

99 2030 310 2114 Fratemaeque
325 2034 414 2093 fidem
429 2033 511 2113 pacis
526 2032 681 2112 petiitque,
692 2030 843 2112 deditque.
1021 2032 1083 2093 105

100 2124 166 2188 Hos
182 2127 279 2207 operis
293 2126 417 2186 comites
431 2126 534 2186 habuit
549 2126 687 2186 Sidonius
702 2127 829 2206 hospes;

101 2217 183 2282 Ctim
198 2221 296 2301 posuit
306 2219 420 2303 jussam
435 2219 581 2280 Phoebeis
595 2221 720 2281 sortibus
735 2221 850 2283 urbem.

326 2468 460 2511 ACTAEON
483 2469 518 2510 IN
541 2468 674 2511 CERVUM
695 2470 857 2512 numus,

532 2646 561 2685 v.
577 2629 648 2687 131.

100 2787 169 2851 lam
184 2787 299 2849 stabant
313 2786 446 2849 Thebae:
470 2801 587 2870 poteras
597 2789 671 2871 jam,
686 2790 816 2866 Cadme,
831 2792 925 2855 videri

101 2882 217 2948 Exsilio
228 2883 320 2967 lelix:
343 2884 436 2959 soceri
452 2884 502 2946 tibi
518 2883 661 2968 Marsque
677 2885 841 2970 Venusque

100 2979 313 3060 Contigerant:
337 2983 396 3043 huc
411 2981 487 3042 adde
503 3002 597 3062 genus
611 2982 650 3043 de
664 2982 790 3066 conjuge
806 2983 899 3059 tanti,
1021 2988 1084 3046 110

64 3140 73 3153 ,
99 3074 163 3137 Tot
177 3088 272 3150 natos,
286 3088 440 3156 natasque,
457 3089 497 3151 et,
512 3078 634 3158 pignora
648 3101 726 3156 cara,
742 3094 876 3162 nepotes.

102 3166 167 3231 Hos
183 3190 300 3250 quoque
312 3168 374 3250 jam
385 3169 522 3251 juvenes.
568 3173 640 3249 Sed,
655 3176 776 3250 scilicet,
792 3176 895 3236 ultima
909 3194 1029 3257 semper

101 3263 316 3346 Exspectanda
331 3265 392 3325 dies
408 3266 536 3329 homini:
561 3269 678 3351 dicique
692 3271 796 3332 beatus

102 3358 184 3421 Ante
200 3361 312 3423 obitum
326 3381 415 3422 nemo
430 3383 628 3445 supremaque
643 3364 745 3426 sunera
763 3365 864 3427 debet.

145 3453 247 3516 Prima
260 3476 354 3538 nepos
369 3456 445 3518 inter
459 3470 503 3518 tot
517 3479 563 3519 res
578 3461 641 3537 tibi,
656 3460 786 3538 Cadme,
800 3462 945 3524 secundas
1021 3464 1085 3524 115
