2348 4102
504 365 612 420 tmen
633 366 708 422 xm.
1013 331 1016 335 ’
1039 340 1102 426 11¹9

127 510 214 576 Mille
229 526 312 596 patet
326 514 429 598 plagis,
444 533 537 577 novus
553 530 598 578 est
612 537 764 578 successor
775 515 941 578 habendus.

169 608 322 691 Denique,
339 610 407 691 quid
423 611 519 671 verbis
533 632 608 692 opus
624 613 690 672 est?
713 625 881 692 spectemur
895 611 1032 692 agendo:

127 703 222 764 Arma
237 704 289 765 viri
305 703 384 765 sortis
399 704 512 766 medios
528 707 679 767 mittantur
693 707 722 767 in
738 707 856 781 hostes3
1038 709 1095 769 121

128 796 201 859 Inde
213 797 316 881 jubete
331 800 412 880 peti:
437 814 466 860 et
481 800 657 861 referentem
672 792 773 862 ornate
789 802 907 863 relatis.'

170 890 303 955 Finierat
317 894 483 956 Telamone
498 909 577 957 satus
590 918 598 970 ;
613 897 759 978 'vulgique
774 910 910 957 secutum

128 985 243 1049 Ultima
256 1010 386 1051 murmur
401 1003 478 1052 erat:
503 991 599 1053 donec
613 991 750 1052 Laertius
765 991 851 1052 heros

127 1081 269 1145 Adstitit:
291 1097 379 1166 atque
394 1081 495 1147 oculos
510 1087 631 1167 paulum
647 1087 751 1148 tellure
765 1098 893 1148 moratos
920 1125 923 1128 »
1039 1087 1100 1148 125

128 1176 254 1240 Sustulit
268 1178 304 1239 ad
320 1200 456 1261 proceres
469 1203 477 1256 3
501 1193 734 1264 exspectatoque
747 1182 866 1243 resolvit

127 1270 193 1334 Ora
206 1295 297 1336 sono:
313 1297 417 1358 ,neque
432 1279 515 1338 abest
528 1277 660 1339 facundis
675 1278 766 1358 gratia
780 1277 873 1339 dictis.

109 1383 116 1394 ·
172 1367 226 1429 ‘Si
240 1390 308 1430 mea
321 1392 389 1432 cum
405 1373 507 1433 vestris
522 1373 774 1448 valuissentlvota,
790 1371 920 1452 Pelasgi,
950 1423 956 1430 ,

126 1447 199 1512 Non
214 1451 292 1537 soret·
303 1455 456 1533 ambiguus
470 1455 542 1515 tanti
556 1456 723 1515 certaminis
737 1456 849 1516 haercs:

127 1543 238 1627 Tuque
254 1548 311 1607 tuis
326 1547 423 1621 armis,
439 1561 536 1607 noste
554 1560 733 1628 poteremur,
747 1547 876 1607 Achille.
1039 1549 1100 1608 130

127 1637 231 1710 Quem
248 1641 387 1720 quoniam
401 1661 460 1699 non
475 1660 557 1721 aequa
571 1641 643 1704 mihi
658 1628 800 1720 vobisque
814 1639 962 1719 negdrunt

84 1762 88 1767 ¹
126 1731 205 1796 Fata
217 1735 235 1810 ;'
263 1734 427 1818 (manuque
441 1735 528 1795 simul
543 1735 633 1796 veluti
647 1734 838 1817 lacrymantia
852 1735 936 1795 tersit

125 1827 273 1912 Lumina)
292 1829 377 1910 ‘quis
391 1850 498 1909 magno
512 1829 617 1891 melitis
631 1830 771 1891 succedat
786 1830 908 1904 Achilli,

127 1910 234 1998 Quam
249 1944 302 2005 per
317 1944 406 2004 quem
420 1945 542 2003 magnus
558 1923 671 1985 Danais
687 1924 828 1990 successit
842 1922 995 1984 Achilles?

89 2035 92 2039 ’
164 2019 253 2104 'Huic
267 2018 358 2080 modd
372 2040 411 2079 ne
431 2017 531 2101 prosit,
547 2017 638 2100 qudd,
653 2032 686 2080 ut
700 2031 756 2095 est,
771 2019 864 2081 hebes
887 2039 952 2080 esse
968 2018 1099 2080 videtur:

127 2113 219 2200 Neve
234 2114 305 2175 mihi
319 2126 434 2189 noceat,
451 2113 531 2196 qudd
547 2114 628 2176 vobis
643 2135 771 2196 semper,
786 2113 909 2190 Achivi,
1040 2115 1100 2176 136

127 2207 246 2271 Pmsu‘it
257 2209 421 2288 ingenium:
445 2230 571 2291 meaque
587 2209 650 2271 haec
664 2210 810 2286 facundia,
825 2210 849 2272 si
865 2223 992 2292 quaest,

128 2302 209 2375 Quae
224 2325 302 2364 nunc
312 2325 365 2384 pro
380 2305 510 2379 domino,
525 2326 578 2384 pro
594 2305 675 2366 vobis
691 2326 769 2385 saepe
782 2306 882 2367 locuta
895 2317 952 2381 est,
1021 2372 1024 2375 ⁴

128 2386 246 2460 Invidia
258 2411 375 2459 careat:
398 2399 477 2458 bona
491 2419 547 2459 nec
562 2418 615 2457 sua
630 2400 752 2479 quisque
767 2412 894 2459 recuset.

128 2491 211 2555 Nam
226 2514 329 2574 genus,
346 2505 376 2553 et
387 2514 521 2574 proavos,
537 2505 567 2552 et
583 2513 645 2574 quae
661 2513 719 2552 non
731 2492 857 2552 ¹fecimus
872 2493 938 2574 ipsi,
1041 2495 1102 2554 140

130 2587 196 2650 Vix
211 2610 247 2652 ea
260 2602 357 2650 nostra
374 2610 458 2649 voco.
505 2587 565 2649 Sed
581 2588 670 2662 enim,
686 2587 755 2669 quia
768 2587 868 2648 retulit
882 2586 964 2670 Ajax

129 2683 209 2747 Esse
223 2685 307 2746 Jovis
322 2705 480 2767 pronepoS,
491 2684 580 2745 nostri
596 2703 713 2766 quoque
729 2684 877 2764 sanguinis
892 2696 994 2745 auctor

129 2780 250 2864 Jupiter
263 2793 327 2841 est:
350 2773 532 2862 totidemque
547 2780 654 2863 gradrm
669 2780 809 2840 distamus
821 2780 858 2839 ab
872 2780 932 2840 illo.

130 2875 211 2938 Nam
226 2877 297 2938 mihi
314 2877 437 2936 Laertes
453 2890 536 2957 pater
551 2889 605 2951 est,
621 2864 761 2960 Arcesius
776 2873 827 2948 illi,

130 2971 250 3054 Jupiter
263 2972 352 3034 huic:
376 2991 473 3051 neque
488 2971 518 3030 in
532 2971 577 3030 his
593 2969 745 3051 quisquam
761 2965 914 3028 damnatus
929 2979 960 3028 et
975 2967 1071 3029 exsul.

131 3067 189 3130 Est
205 3089 321 3150 quoque
336 3088 391 3150 per
406 3078 529 3127 matrem
544 3064 700 3148 Cyllenius
715 3063 815 3125 addita
828 3063 911 3126 nobis
1031 3066 1104 3128 ’146

132 3164 238 3226 Altera
252 3163 405 3224 nobilitas:
434 3162 507 3223 deus
522 3175 567 3223 est
582 3162 611 3225 in
626 3174 750 3242 utroque
766 3148 899 3243 parente.

132 3259 195 3322 Sed
210 3280 307 3341 neque
321 3273 454 3330 materno
469 3259 550 3341 qudd
565 3279 629 3319 sum
645 3259 902 3339 generosiorortu,

133 3354 201 3417 Nec
215 3356 286 3416 mihi
302 3355 381 3436 qudd
396 3369 479 3437 pater
494 3368 538 3415 est
553 3355 669 3415 fraterni
685 3355 832 3440 sanguinis
847 3354 956 3427 insons,

95 3508 99 3513 .
134 3449 291 3534 Pmposita
305 3473 385 3512 arma
400 3464 486 3534 peto:
510 3450 620 3511 meritis
635 3451 796 3532 expendite
811 3467 941 3510 causam.
1045 3447 1106 3508 150
