2348 4102
135 296 176 360 18
444 306 790 367 Marauoarnosnou

132 450 221 527 ‘Fer,
235 451 340 535 pater,'
356 452 459 533 inquit,
475 459 599 532 ‘opem3
621 453 645 513 si
660 453 781 513 flumina
794 473 902 513 numen
919 453 1058 517 habetis?

132 546 194 609 Vix
209 568 299 629 prece
313 546 404 623 finite,
419 550 520 629 'torpor
533 549 627 627 gravis
642 549 739 627 alligat
754 565 850 609 anus:
1045 555 1109 617 491

128 640 236 703 Mollia
249 641 405 722 cinguntur
419 643 500 703 tenui
515 643 674 723 precordia
688 644 777 704 libro:

128 735 165 797 In
180 735 312 798 frondem
327 738 432 813 crines,
448 739 477 799 in
492 760 588 799 ramos
603 738 722 799 brachia
736 752 881 799 crescunt.

129 830 200 906 Pes,
215 832 304 892 modi)
319 846 379 893 tam
395 833 493 909 velox,
509 834 597 915 pigris
612 834 757 894 radicibus
772 835 880 894 liaeret:

129 925 193 987 Ora
206 948 349 988 cacumen
363 929 424 990 obit
436 951 443 990 :
465 943 598 990 remanet
613 930 689 990 nitor
702 950 777 989 unus
793 930 822 990 in
837 927 898 989 ills.
1044 934 1111 995 495

129 1021 189 1083 Cui
205 1023 288 1097 deuS,
304 1024 365 1083 ‘At
378 1024 488 1104 conjux
505 1025 643 1104 quoniam
657 1044 725 1084 mea
739 1046 797 1084 non
813 1038 898 1105 potes
914 1032 1005 1100 esse}
1078 1080 1083 1088 .

128 1117 227 1178 Arbor
241 1119 297 1177 eris
311 1118 414 1192 cene?
430 1118 514 1192 dixit,
530 1126 624 1178 ‘mea
671 1118 797 1200 Semper
810 1120 963 1182 habebunt

128 1212 177 1272 Tc
191 1233 287 1288 coma,
302 1225 332 1273 te
346 1213 474 1288 citharae,
491 1227 521 1274 te
536 1227 650 1289 nostre,
665 1215 757 1289 laure,
773 1215 928 1296 pharetra.

128 1306 179 1366 Tu
195 1306 317 1368 ducibus
332 1307 425 1369 Latiis
440 1309 544 1384 aderis,
559 1310 626 1371 ciim
642 1311 708 1370 laeta
722 1310 904 1392 triumphum

129 1399 201 1463 Vox
215 1416 320 1478 canet;
342 1416 373 1464 ct
386 1405 479 1484 longae
495 1405 590 1465 visent
604 1404 753 1486 Capitolia
768 1426 896 1487 pompae.
1042 1410 1110 1471 500

128 1496 266 1559 Postibus
281 1499 424 1580 Augustis
439 1500 544 1561 cadem
557 1501 696 1562 fidissima
710 1516 809 1562 custos

126 1593 209 1655 Ante
225 1593 301 1656 sores
316 1596 422 1671 stabis;
444 1597 630 1678 mediamque
645 1597 766 1658 tuebere
783 1618 935 1678 quercum.

127 1686 229 1770 thue
244 1712 345 1752 meum
360 1692 480 1752 intonsis
494 1705 584 1772 caput
599 1706 643 1752 est
653 1692 786 1774 juvenile
801 1693 932 1774 capillis;

126 1781 177 1843 Tu
193 1806 309 1865 quoque
324 1799 483 1866 perpetuos
497 1806 615 1866 semper
629 1806 698 1865 gere
713 1785 821 1846 srondis
836 1787 985 1849 honores)

169 1876 300 1939 Finierat
315 1878 416 1940 Paean.
461 1878 562 1942 Factis
577 1881 666 1942 modb
680 1882 780 1943 laurea
793 1883 881 1943 ramis
1040 1886 1107 1946 505

126 1971 256 2038 Annuit:
279 1989 371 2061 utque
385 1992 485 2060 caput,
502 1978 564 2039 visa
578 1992 623 2040 est
637 1979 762 2059 agitisse
777 2000 933 2041 cacumen.

496 2223 529 2262 10
552 2220 594 2262 ΕΤ
616 2221 729 2261 Ancus·

551 2400 580 2441 v.
597 2381 670 2442 625.

124 2546 257 2611 Centum
270 2549 429 2611 luminibus
442 2549 573 2610 cinctum
588 2562 677 2629 caput
693 2549 791 2627 Argus
806 2549 945 2609 habebat.

123 2642 197 2704 Inde
213 2645 272 2704 suis
287 2645 398 2705 vicibus
412 2643 569 2723 capiebant
583 2643 651 2703 bina
666 2643 813 2723 quietem:

124 2737 242 2801 Caetera
255 2737 420 2813 servabant,
436 2750 524 2819 atque
539 2738 569 2796 in
584 2739 708 2798 statione
723 2738 891 2800 manebant.

123 2831 304 2895 Constiterat
319 2854 496 2915 quocunque
511 2832 618 2907 m0d03
641 2833 794 2914 spectabat
809 2833 847 2893 ad
861 2832 916 2895 16:
1036 2837 1101 2898 510

122 2929 205 2989 Ante
221 2932 321 2991 oculos
335 2928 380 3006 16,
397 2929 530 3013 quamvis
546 2950 674 3005 aversus,
689 2929 826 2990 babebat.

121 3022 207 3086 Luce
222 3026 289 3086 sinit
304 3028 400 3107 pasci:
423 3029 493 3088 cum
508 3027 550 3088 sol
565 3025 669 3088 tellure
685 3025 739 3087 sub
755 3025 884 3100 aliaest,

123 3117 255 3194 claudit,
271 3133 301 3181 et
316 3121 434 3200 indigno
448 3122 610 3183 circumdat
625 3123 741 3184 vincula
756 3123 844 3183 collo.

122 3212 289 3276 Frondibus
305 3216 442 3291 arbuteis,
458 3228 488 3277 et
503 3216 601 3276 amari
616 3217 743 3297 pascitur
757 3216 867 3278 herbb:

122 3308 242 3391 Proque
258 3323 332 3386 toro,
348 3324 440 3387 terrae,
455 3333 514 3373 non
528 3332 647 3393 semper
660 3333 781 3392 gramen
796 3311 927 3388 habenti,
1035 3314 1098 3375 515

121 3402 246 3468 lucubat
261 3407 380 3484 infelix;
402 3408 563 3491 limosaque
578 3407 700 3471 flumina
713 3422 805 3492 potat.
