2348 4102
488 383 596 438 LIBER
612 383 687 438 XIII.

98 531 286 617 Exspectata
301 534 361 612 diu,
375 535 465 612 nulla,
481 550 531 598 aut
545 537 689 599 contraria
702 538 798 613 classi,
1014 605 1016 611 ,

97 630 237 694 Flamina
251 645 335 693 sunt:
359 632 497 714 duraeque
508 632 614 716 jubent
629 634 856 714 Agamemnona
870 646 962 695 sortes

94 726 281 788 immeritam
295 749 378 789 saevae
393 741 492 789 natam
507 744 635 791 mactare
650 730 767 792 Dianae.
1013 731 1074 793 185

97 823 239 904 Denegat
253 824 310 885 hoc
325 825 448 904 genitor,
465 824 597 907 divisque
612 826 744 887 irascitur
758 826 845 908 ipsis:

99 920 201 1002 Atque
216 921 246 981 in
260 941 330 1001 rege
345 933 446 981 tamen
461 934 547 1003 pater
560 934 616 982 est.
661 920 729 1001 Ego
743 921 814 982 mite
830 924 958 1003 parentis
1054 956 1057 959 ·

97 1013 253 1098 Ingenium
268 1016 364 1078 verbis
379 1017 417 1078 ad
431 1018 551 1099 publica
565 1017 721 1079 commoda
738 1017 821 1079 verti.

97 1109 127 1174 N
129 1134 188 1175 unc
203 1113 341 1195 equidem
356 1112 458 1189 fateor,
473 1113 609 1196 fassoque
624 1114 756 1194 ignoscat
771 1114 909 1191 Atrides;

97 1209 258 1271 Difficilem
273 1210 355 1271 tenui
369 1211 423 1271 sub
439 1211 538 1292 iniquo
548 1210 650 1294 judice
664 1232 793 1273 causam.
877 1255 880 1260 -
910 1284 913 1290 Ι
1014 1215 1075 1278 190

98 1303 190 1367 Hunc
205 1319 303 1367 tamen
318 1306 426 1368 utilitas
442 1307 555 1390 populi,
571 1306 738 1391 fratrisque,
753 1308 872 1392 datique

97 1401 222 1464 Summa
235 1415 336 1463 movet
351 1404 470 1484 sceptri,
484 1404 605 1465 laudem
619 1419 652 1466 ut
666 1426 735 1466 cnm
750 1405 892 1486 sanguine
906 1417 1022 1488 penset.

97 1497 203 1560 Mittor
216 1511 247 1559 et
261 1498 298 1558 ad
313 1511 437 1559 matrem
450 1519 461 1576 ι,
481 1518 545 1579 qne
559 1519 618 1558 non
633 1499 785 1575 hortanda,
801 1500 855 1560 sed
869 1515 934 1562 astu

97 1593 286 1676 Decipienda
300 1593 364 1654 fuit.
409 1591 483 1663 Qut
498 1593 522 1652 si
537 1592 730 1653 Telamonius
745 1594 825 1670 isset,

97 1689 180 1752 Orba
195 1689 255 1750 suis
270 1701 368 1750 essent
383 1688 544 1749 etiamnum
559 1688 649 1749 lintea
666 1689 781 1755 ventis..
1014 1693 1074 1755 195
1149 1749 1154 1757 .

138 1785 246 1848 Mittor
260 1798 291 1846 et
305 1784 408 1846 Iliacas
424 1783 522 1846 audax
537 1797 634 1847 orator
648 1785 684 1846 ad
700 1803 799 1848 arces:

99 1881 231 1964 Visaque
246 1895 276 1943 et
291 1881 395 1943 intrata
409 1894 454 1942 est
469 1881 533 1942 altae
548 1882 621 1945 mihi
635 1883 715 1943 ouria
729 1882 840 1966 Trojae.

98 1977 252 2060 Plenaque
267 1977 365 2040 adhuc
380 1989 442 2037 erat
457 1977 506 2038 illa
522 1977 601 2038 viris.
628 1970 631 1974 ’
645 1976 796 2039 Interritus
812 1978 869 2058 egi,

97 2072 202 2147 Quam
216 2074 288 2135 mihi
302 2072 456 2134 mandirat
470 2074 636 2135 communis
651 2073 776 2151 Graecia,
791 2095 928 2137 causam:
1011 2119 1019 2130 χ

97 2171 277 2252 Accusoque
293 2167 392 2256 Parin,
408 2164 606 2253 predamque,
623 2170 831 2254 Helenamque
845 2191 986 2255 reposco:
1006 2178 1009 2185 ’

98 2265 139 2327 Et
154 2286 261 2327 moveo
275 2265 438 2342 Priamum,
453 2266 631 2350 Priamoque
647 2269 801 2331 Antenora
810 2269 958 2353 junctum.
1010 2270 1072 2334 201

96 2362 142 2424 At
157 2361 252 2438 Paris,
265 2375 298 2424 et
313 2362 425 2437 fratres,
440 2375 471 2422 et
486 2364 535 2444 qui
548 2364 673 2445 rapuere
687 2367 741 2426 sub
756 2367 816 2441 illo,

98 2457 161 2520 Vix
176 2459 299 2520 tenuere
314 2479 419 2520 manus
437 2456 507 2540 (scis
523 2459 590 2533 hoc,
607 2457 764 2544 Menelae')
781 2460 938 2522 nefandas:

97 2553 256 2638 Primaque
271 2556 325 2616 lux
339 2554 429 2615 nostri
444 2567 543 2615 tecum
557 2552 611 2615 suit
626 2553 675 2616 ill'a
690 2555 814 2637 periclis
891 2611 894 2614 .
1004 2546 1007 2550 ⁸

140 2651 246 2732 Longa
258 2642 368 2712 ¹referre
383 2649 465 2711 mora
479 2663 534 2726 ast,
551 2671 615 2732 quae
629 2651 811 2734 consilioque
826 2672 974 2736 manuque
1010 2653 1074 2716 205

97 2744 218 2810 Utiliter
232 2747 289 2808 feci
303 2746 422 2828 spatiosi
436 2759 570 2830 tempore
587 2748 665 2810 belli.

96 2844 171 2906 Post
187 2844 265 2906 acies
281 2845 400 2926 primas,
414 2845 492 2906 urbis
506 2865 538 2906 se
553 2845 700 2906 moenibus
719 2844 819 2904 hostes
861 2834 864 2839 ⁵
924 2926 926 2931 p

97 2941 282 3004 Conticuere
299 2940 367 3016 diu;
390 2961 447 3001 nec
461 2941 555 3022 aperti
569 2940 656 3020 copia
670 2937 775 2999 Martis

98 3037 170 3100 Ulla
185 3037 255 3099 suit:
280 3037 396 3099 decimo
411 3036 531 3097 denium
546 3036 741 3118 pugnavimus
756 3056 843 3097 anno.

98 3133 184 3208 Quia
200 3134 270 3197 acts
286 3135 408 3210 interea,
425 3133 474 3215 qui
489 3133 529 3194 nu
545 3133 600 3195 nist
615 3132 718 3215 proeua
732 3133 829 3195 nass?
1011 3118 1075 3197 sio

98 3230 178 3305 Quis
193 3246 261 3293 tuus
275 3254 345 3292 usus
360 3233 443 3292 erat?
488 3229 567 3294 Nam
584 3231 606 3293 si
622 3251 689 3291 mea
705 3230 781 3293 sacta
794 3230 925 3314 requiris,

99 3327 243 3389 Hostibus
259 3328 392 3390 insidior:
416 3325 507 3389 fossas
521 3328 682 3392 munimine
697 3328 800 3408 cingo:
1029 3321 1031 3324 ’

98 3423 248 3489 Consolor
261 3426 366 3502 socioS,
381 3437 415 3486 ut
429 3423 508 3504 longi
522 3417 607 3485 tedia
621 3423 692 3485 belli

362 3525 411 3583 11
