2348 4102
35 411 37 417 ι
102 367 165 435 tae
393 359 748 423 Mernnottrflosnort.

98 522 204 586 Mente
220 523 313 585 lerant
327 521 460 605 placide:
483 519 578 582 doceo
593 539 652 600 quo
666 517 756 578 simus
770 512 881 592 alendi,

97 619 279 681 Armandive
294 618 402 681 modo:
426 616 525 677 mittor
540 614 599 697 qud
614 613 742 695 postulat
756 633 836 673 usus.
1011 615 1069 676 215

140 712 224 776 Ecce
241 713 325 775 Jovis
340 713 463 787 monitu,
478 711 623 792 deceptus
638 709 763 788 imagine
778 707 887 783 somni,

98 808 170 872 Rex
181 809 267 893 jubet
282 809 392 891 incepti
406 829 507 870 curam
522 806 667 867 dimittere
681 804 762 865 belli.

98 903 152 968 llle
168 918 266 988 potest
280 919 400 967 auctore
416 925 499 965 suam
513 901 671 963 defendere
686 920 817 962 causam.

99 999 169 1062 Non
184 1001 259 1063 sinat
274 1001 331 1062 hoc
346 1000 438 1083 Ajax,
453 997 637 1078 delendaque
652 995 800 1077 Pergama
813 997 933 1079 poseat:

99 1094 251 1178 Quodque
267 1109 375 1178 potest,
390 1108 512 1176 pugnet.
557 1092 623 1155 Cur
635 1113 694 1154 uon
710 1105 871 1154 remoratur
884 1092 996 1157 ituros?
1010 1096 1068 1156 220

98 1189 163 1257 Cur
177 1213 236 1252 non
250 1212 331 1252 arma
344 1192 443 1273 capit?
488 1190 561 1265 Dat,
577 1188 656 1272 quod
671 1209 746 1268 vaga
760 1188 846 1250 turba
858 1191 1020 1272 sequattul

99 1285 168 1348 Nou
183 1299 246 1346 erat
260 1287 317 1348 hoc
331 1286 453 1347 nimium
467 1305 618 1366 nunquam
632 1283 688 1345 uisi
701 1303 810 1364 magna
823 1283 967 1367 loquenti.

98 1379 193 1458 Quid,
209 1380 288 1464 qudd
302 1395 333 1443 et
347 1380 410 1463 ipse
425 1379 521 1462 sugis?
544 1379 615 1456 vidi,
630 1378 795 1463 puduitque
810 1380 923 1457 videre,

98 1475 180 1540 cem
194 1491 226 1539 tu
241 1491 324 1558 terga
337 1477 432 1553 dares,
447 1476 661 1559 inhonestaque
677 1477 743 1564 vela
756 1497 887 1558 parares.

98 1572 128 1636 N
131 1595 166 1636 ec
181 1595 273 1650 mora,
288 1581 296 1610 ‘
310 1572 394 1648 Quid
409 1573 523 1636 facitis?
545 1595 610 1656 que
626 1594 678 1636 vos
694 1572 863 1649 dementia,'
879 1573 956 1650 dixi,
1011 1575 1069 1637 225

99 1670 268 1747 ι-Οοιιοίῑειῑ,
283 1691 302 1732 0
317 1671 398 1746 socii,
412 1684 531 1752 captam
546 1670 692 1732 dimittere
706 1667 850 1752 Trojam?

99 1764 221 1839 Quidve
237 1766 357 1827 domum
372 1765 451 1829 sertis
466 1765 593 1841 decimo,
606 1765 661 1830 nisi
676 1763 817 1840 dedecus,
833 1766 943 1829 annol'

98 1859 223 1924 Talibus
237 1874 326 1943 atque
341 1860 414 1938 aliis,
431 1862 460 1924 in
475 1883 539 1944 que
555 1860 639 1923 dolor
652 1860 716 1943 ipse
731 1859 874 1925 disertum

99 1955 238 2035 Fecerat,
253 1979 371 2022 aversos
386 1957 510 2041 profugi
524 1958 562 2020 de
577 1958 670 2021 classe
685 1957 799 2020 reduxi.

99 2053 256 2117 Convocat
270 2056 390 2122 Atrides
405 2056 499 2118 socios
514 2069 623 2118 terrore
639 2067 803 2136 paventes:
1010 2056 1070 2120 230

98 2149 167 2212 Nee
181 2150 410 2213 Telamoniades
424 2151 512 2212 etiarn
527 2171 606 2211 nunc
621 2150 733 2211 hiscere
749 2150 909 2233 quidquam

98 2246 205 2325 Ausit:
228 2258 259 2307 at
272 2265 360 2318 austes
374 2258 437 2308 erat
450 2264 535 2326 reges
549 2245 696 2308 incessere
711 2245 795 2308 dictis

96 2341 262 2418 Thersites
278 2341 367 2404 etiam
381 2361 498 2424 perure
512 2341 591 2404 haud
607 2341 739 2424 impune,
755 2343 910 2425 protervis.

15 2496 20 2503 .
97 2437 215 2520 Erigor,
231 2452 261 2502 et
274 2438 405 2522 trepidus
419 2440 500 2502 cives
516 2439 655 2503 exhortor
669 2439 699 2500 iu
714 2439 846 2502 hostem:
1005 2514 1010 2521 ⁴

97 2536 307 2620 Amissamque
321 2536 391 2598 meri
406 2536 543 2599 virtutem
558 2556 632 2598 voce
647 2546 782 2617 reposco.
1010 2537 1071 2600 235

96 2630 250 2714 Tempore
265 2633 384 2707 abhoc,
400 2632 597 2714 quodcunque
611 2644 709 2713 potest
725 2631 828 2695 secisse
845 2631 937 2696 videri

95 2725 227 2788 Fortiter
241 2716 306 2802 iste,
321 2746 422 2787 meum
437 2740 498 2787 est:
523 2727 572 2808 qui
587 2726 707 2788 dantem
722 2741 805 2809 terga
819 2729 938 2792 retraxi.

138 2822 278 2906 Denique
294 2822 331 2884 de
347 2821 461 2886 Danais
470 2823 540 2906 quis
554 2836 584 2884 te
599 2821 736 2885 laudatve
751 2825 888 2908 petitvel
947 2878 952 2885 .

95 2921 138 2983 At
153 2942 207 2983 sua
220 2920 356 3004 Tydides
370 2943 489 2984 mecum
503 2920 798 2985 communicet‘aeta:

95 3016 150 3078 Me
167 3008 287 3100 probat:
312 3031 342 3080 et
356 3019 436 3080 socio
450 3040 568 3102 semper
580 3018 701 3085 confidit
715 3017 837 3101 Ulysse.
1009 3021 1072 3082 24⁰

96 3111 152 3191 Est
167 3113 286 3194 aliquid,
301 3115 338 3175 de
352 3109 397 3175 lot
411 3114 570 3197 Grajorum
585 3116 721 3191 millibus,
736 3137 828 3179 unum

96 3209 126 3270 A
141 3209 292 3274 Diomede
305 3210 375 3290 legi.
419 3209 487 3276 Nec
502 3233 550 3272 me
565 3232 626 3273 sors
641 3212 682 3272 ire
693 3211 835 3296 jubebat:

96 3304 147 3368 Sic
160 3319 260 3368 tamen
275 3320 305 3368 et
320 3318 419 3388 spreto
432 3307 586 3388 noctisque
601 3308 752 3394 hostisque
767 3310 887 3393 periclo,

96 3401 213 3463 Ausum
228 3404 343 3480 eadem,
360 3425 423 3486 quae
439 3423 502 3479 nos,
518 3402 652 3487 Phrygia
667 3406 704 3468 de
720 3417 812 3486 geute
823 3405 944 3469 Dolona

95 3494 253 3561 luterimo:
275 3523 335 3563 non
350 3501 417 3563 ante
432 3513 543 3576 tamen,
559 3502 648 3584 quam
663 3516 770 3565 cuncta
783 3503 868 3584 coegi
1007 3504 1071 3566 245
