2348 4102
103 351 165 412 144
412 350 761 408 METAMORPHOSEON

99 505 216 568 Sistitur
231 517 299 573 ante
314 492 387 581 aras,
403 506 543 588 auditque
558 506 658 586 ignara
673 515 862 586 precantem:

98 600 275 684 lnrponique
290 623 349 664 suae
366 602 446 664 videt
461 603 537 664 inter
550 622 662 663 cornua
676 600 773 676 fronti,

98 697 185 771 Quas
198 699 289 760 ooluit
303 698 419 779 fruges:
444 718 642 782 percussaque
657 697 798 778 sanguine
812 696 924 759 cultros
1039 697 1075 758 75

98 792 194 856 Inficit
208 795 238 857 in
253 795 365 878 liquide
379 796 517 877 praevisos
532 795 650 857 forsitan
665 793 756 854 undai.

98 887 238 953 Protinus
253 906 369 975 ereptas
386 892 496 955 viventi
513 905 633 974 pectore
649 890 735 950 fibras

97 985 272 1069 lnspieiunt,
287 1003 463 1071 mentesque
479 989 569 1050 deitm
583 999 750 1048 scrutantur
763 983 794 1047 in
807 983 874 1046 illis.

141 1082 232 1146 Unde
248 1084 340 1147 fames
356 1085 467 1147 homini
484 1085 641 1146 vetitorum
656 1096 738 1144 tanta
751 1081 907 1144 ciborum?

98 1178 225 1242 Audetis
241 1182 333 1258 vesei,
348 1203 442 1263 genus
456 1203 475 1243 o
489 1182 637 1242 mortale?
661 1179 751 1263 quod,
766 1200 828 1254 oro,
1037 1177 1075 1239 80

97 1272 147 1336 Ne
163 1275 267 1338 facite:
291 1291 321 1338 et
336 1279 454 1338 monitis
468 1277 580 1337 animos
596 1276 739 1337 advertite
754 1275 870 1338 hostria

97 1369 238 1455 Cumque
254 1373 345 1434 bourn
360 1373 464 1434 dabitis
479 1394 622 1434 cesorum
636 1372 770 1434 membra
785 1373 896 1455 palato,

97 1464 244 1529 Mandere
260 1490 313 1531 vos
329 1483 441 1532 vestros
456 1470 529 1532 scite
544 1483 575 1532 et
589 1470 702 1532 sentite·
710 1469 842 1532 colonos.

98 1562 139 1626 Et
155 1567 294 1648 quoniam
311 1568 384 1629 deus
398 1589 449 1630 ora
466 1580 578 1644 movet,
593 1588 699 1651 sequar
713 1585 765 1628 ora
778 1577 953 1626 moventem

97 1659 170 1722 Rit‘e
186 1662 294 1740 deum;
318 1663 515 1747 Delphosque
530 1684 625 1740 meos,
640 1664 797 1746 ipsumque
811 1661 967 1724 recludam
1036 1659 1073 1722 85

97 1756 243 1834 AEthera;
258 1773 296 1820 'et
317 1773 446 1840 augustae
461 1760 598 1820 reserabo
612 1759 730 1820 oracula
744 1758 862 1820 mentis.

97 1850 221 1933 Magna,
237 1876 292 1918 nec
306 1856 430 1937 ingeniis
444 1855 607 1936 euestigata
622 1855 761 1938 priorum,

97 1949 237 2034 Quaeque
252 1952 303 2014 diu
317 1953 441 2030 latuere,
456 1975 572 2015 oanan.
617 1951 709 2015 Juvat
723 1951 765 2014 ire
781 1970 835 2035 per
849 1951 909 2014 altu

99 2048 203 2110 Astra:
222 2048 319 2132 juvat,
334 2052 416 2112 terris
431 2064 462 2112 et
477 2051 562 2112 inerti
576 2050 647 2111 sede
662 2049 780 2126 relictis,

97 2143 187 2205 Nube
203 2146 291 2221 vehi;
314 2146 462 2228 validique
477 2146 607 2207 humeris
622 2146 755 2206 insistere
770 2143 919 2207 Atlantis:
1036 2145 1074 2207 90

99 2239 296 2322 Palantesque
312 2242 424 2302 animos
440 2242 547 2323 passim
562 2262 598 2303 ae
612 2242 730 2303 rationis
745 2254 868 2323 egentes

99 2335 282 2420 Despectare
297 2339 411 2419 procul,
427 2332 628 2422 trepidosque}
644 2339 817 2422 obitumque
831 2339 973 2404 timentes

96 2433 147 2497 Sic
161 2435 329 2512 exhortari;
352 2437 518 2520 seriemque
535 2438 675 2500 evolvere
690 2435 752 2498 sati.

97 2541 115 2570 “
129 2533 159 2594 O
175 2538 268 2614 genus
283 2535 440 2596 attonitum
455 2535 557 2615 gelidae
572 2535 726 2597 formidine
742 2533 861 2596 mortis!

97 2629 180 2700 Quid
197 2630 302 2711 Styga,
318 2631 389 2711 quid
403 2632 549 2707 tenebras,
566 2632 636 2714 quid
651 2631 771 2692 nomina
786 2651 862 2693 vana
876 2629 997 2707 timetis,
1020 2629 1075 2710 ,95

96 2723 254 2787 Materiem
272 2743 384 2800 vatum,
399 2725 521 2808 falsique
538 2727 653 2808 piacula
669 2727 793 2798 mundi?

91 2820 231 2904 Corpora
246 2822 309 2884 sive
324 2844 411 2904 rogus
426 2822 557 2899 flammis,
572 2845 625 2884 seu
640 2824 709 2886 tabe
725 2837 855 2886 vetustas

99 2920 271 2997 Abstulerit,
286 2920 365 2982 mala
379 2943 466 3005 posse
482 2922 542 3003 pati
557 2944 616 2982 non
632 2921 689 2983 ulla
706 2921 826 3005 putetis.

99 3017 196 3079 Morte
211 3032 313 3079 carent
328 3020 449 3081 animae:
473 3041 662 3103 semperque,
678 3019 773 3103 priore
789 3016 893 3080 relictis

97 3115 187 3190 Sede,
203 3115 286 3176 novis
302 3116 433 3177 habitant
449 3117 584 3178 domibus
600 3118 762 3201 vivuntque
778 3129 917 3198 receptae.
1019 3116 1077 3176 100

96 3211 164 3293 Ipse
180 3233 237 3291 ego
255 3211 338 3297 (nam
353 3212 488 3297 memini)
506 3213 628 3296 Trojani
644 3226 777 3295 ternpore
791 3213 862 3274 belli

89 3308 280 3371 vPanthoides
296 3307 476 3392 Euphorbus
492 3331 589 3370 eram:
612 3311 661 3372 cui
676 3324 797 3393 pectore
814 3309 964 3393 quondam

97 3405 180 3467 Sedit
194 3406 224 3467 iu
239 3407 363 3469 adverso
379 3408 473 3489 gravis
489 3407 573 3468 hasta
587 3407 707 3469 minoris
722 3407 847 3469 Atridae.

97 3500 235 3584 Cognovi
249 3505 403 3587 clypeum,
417 3505 497 3568 laevae
511 3505 676 3586 gestamina
688 3518 805 3582 nostru,
