2348 4102
99 362 161 424 118
409 341 755 424 uurauomnosuou

97 515 242 591 Sustinui3
264 529 433 599 sortemque
447 538 545 581 meam
559 518 689 594 vovistis,
704 517 831 580 Achivi:
850 549 863 581 ·.

96 610 138 673 Fr
153 625 256 673 vestre
271 612 390 673 valuere
405 633 519 696 preces.
565 614 597 675 Si
613 614 739 696 queritis
753 613 841 696 hujus

97 703 260 768 Fortunam
275 727 400 788 pugnae3
422 700 481 770 noh
495 728 561 770 sum
576 722 729 791 superatus
745 708 781 769 ab
796 707 857 769 illo.
1027 713 1065 774 90

139 801 223 863 Ecce
238 801 332 863 lerunt
346 802 444 865 Troiis
459 802 636 885 ferrumque,
652 805 821 886 ignemque,
837 802 1007 888 Jovemque

96 895 133 960 ln
147 897 268 959 Danaas
282 898 407 960 classes:
429 899 480 959 ubi
494 920 573 960 nuno
587 899 729 960 facundus
744 895 892 979 Ulysses?

98 992 218 1075 Nempe
232 1015 290 1074 ego
305 994 385 1055 mille
401 1015 469 1055 meo
483 994 600 1079 protexi
614 1007 736 1076 pectore
750 990 878 1076 puppes,

97 1087 191 1171 Spem
208 1092 296 1150 vestri
310 1089 430 1151 reditirs.
474 1087 557 1172 Date
571 1101 615 1151 tot
629 1110 683 1171 pro
697 1089 820 1150 navibus
835 1109 926 1151 arma.

139 1183 235 1255 Qudd
249 1185 273 1245 si
288 1204 358 1246 vera
372 1184 441 1245 licet
454 1184 527 1245 mihi
541 1184 656 1259 dicere3
680 1183 815 1266 quaeritur
828 1183 900 1259 istis,
1029 1187 1068 1248 95

97 1277 201 1351 Quina
215 1279 298 1353 mihi,
313 1279 406 1362 major
420 1279 531 1340 honos:
564 1278 780 1361 conjunctaque
795 1278 886 1359 gloria
901 1292 1002 1342 nostra
1016 1293 1069 1358 est,

97 1373 199 1456 Atque
214 1373 296 1457 Ajax
311 1375 407 1450 armis,
422 1395 482 1436 non
497 1373 583 1457 Ajaci
599 1395 680 1436 arma
690 1387 842 1457 petuntur.

140 1467 284 1531 Conferat
299 1471 343 1532 his
357 1469 478 1532 Ithacus
493 1470 641 1546 Rhesum,
657 1470 867 1551 imbellemque
883 1467 1015 1546 Dolona,

96 1563 325 1649 Priamidenque
341 1564 492 1628 Helenum
505 1566 590 1649 rapti
604 1586 673 1627 cum
688 1564 811 1627 Pallade
826 1577 961 1647 captum.

97 1659 183 1723 Luce
197 1662 269 1724 nihil
285 1676 411 1743 gestum,
426 1662 499 1724 nihil
515 1675 560 1723 est
574 1661 723 1723 Diomede
739 1672 870 1723 remoto:
1013 1663 1073 1726 100

98 1755 131 1817 Si
145 1759 237 1818 semel
252 1760 306 1820 ista
320 1759 395 1820 datis
409 1758 519 1821 meritis
534 1771 595 1819 tem
609 1757 713 1818 vilibus
728 1776 827 1832 am1a3

97 1850 230 1915 Dividite
240 1865 257 1916 :'
271 1867 302 1916 et
316 1855 409 1930 major
423 1875 490 1930 pars
504 1855 541 1919 sit
555 1851 710 1915 Diomedis
725 1851 755 1910 in
769 1851 836 1912 illis.

140 1943 216 2025 Qud
228 1957 328 2005 tamen
343 1944 407 2006 hac
421 1943 545 2005 Ithaco?
569 1942 619 2026 qui
633 1944 722 2020 clam,
737 1946 787 2028 qui
801 1931 920 2028 selnper
933 1945 1052 2008 inermis

98 2040 180 2103 Rem
194 2041 285 2121 gerit:
308 2052 339 2100 et
354 2037 436 2101 furtis
450 2040 599 2101 incautum
615 2040 726 2120 decipit
740 2039 880 2104 hostem?

54 2140 56 2144 ’
97 2136 167 2218 lpse
182 2137 257 2196 nitor
272 2135 375 2214 galeae,
390 2135 470 2195 claro
484 2134 621 2194 radiantis
636 2135 673 2194 ab
688 2155 770 2212 auro,
1012 2136 1076 2200 105

97 2231 219 2294 Insidias
233 2230 349 2311 prodet,
363 2228 784 2312 manifestabitquelatentem.

98 2324 160 2389 Sed
174 2345 271 2406 neque
287 2322 444 2385 Dulichius
459 2323 513 2385 sub
527 2322 653 2385 Achillis
661 2325 781 2387 ‘casside
797 2336 901 2388 vertex

97 2420 236 2484 Pondere
250 2432 331 2482 tanta
346 2418 436 2482 seret:
459 2440 516 2482 nec
530 2441 590 2482 non
605 2416 729 2483 onerosa
747 2421 901 2504 gravisque

97 2516 197 2581 Pelias
212 2538 277 2579 esse
291 2529 390 2600 potest
404 2516 569 2578 imbellibus
584 2516 669 2577 hasta
682 2516 818 2578 lacertis:

97 2612 128 2674 N
131 2634 166 2674 ec
179 2613 315 2693 clypeus,
333 2613 406 2673 vasti
419 2611 538 2672 celatus
553 2611 690 2691 imagine*-
696 2610 809 2687 mundi,
995 2615 996 2620 ’
1013 2615 1077 2677 110

97 2707 267 2770 Conveniet
281 2706 399 2781 tirnidae,
414 2717 548 2786 nataeque
563 2705 601 2766 ad
616 2704 691 2766 furta
705 2706 835 2766 sinistre.
936 2717 939 2719 ’

97 2802 327 2865 Debilitaturum
343 2801 414 2884 quid
428 2813 458 2861 te
470 2793 561 2882 petis,
576 2799 719 2881 improbe,
732 2801 862 2862 munus?

98 2898 192 2973 Quod
206 2899 258 2961 tibi
272 2899 296 2961 si
310 2898 413 2981 populi
428 2897 579 2960 donaverit
594 2916 672 2958 error
685 2895 806 2972 Achivi,
908 2939 912 2948 .

98 2996 163 3058 Cur
177 2996 318 3078 spolieris,
334 2996 405 3069 erit3
427 3015 497 3069 uon,
512 3014 566 3055 our
579 2993 717 3055 metuaris
732 2993 769 3055 ab
783 2994 880 3056 hoste.

99 3090 141 3152 Et
155 3090 223 3170 fuga
241 3089 316 3173 (qud
330 3088 393 3150 solit
407 3102 539 3164 cunctos,
555 3089 745 3163 timidissime,
761 3087 868 3173 vineis)

99 3184 200 3248 Tarda
214 3185 311 3246 sutura
324 3182 376 3245 tibi
390 3194 446 3257 est,
461 3183 623 3262 gestamina
637 3195 717 3244 tanta
731 3184 869 3245 trahenti.
934 3241 937 3245 .

100 3282 201 3358 Adde,
216 3280 297 3366 qudd
311 3280 365 3340 iste
380 3290 458 3354 tuus,
473 3291 534 3338 tam
548 3276 613 3338 rard
628 3278 731 3360 proelia
746 3299 859 3362 passus,

58 3424 60 3429 ,
100 3378 220 3460 Integer
232 3389 277 3440 est
291 3376 432 3461 clypeus:
454 3385 564 3451 nostro,
579 3371 629 3459 qui
643 3375 703 3437 tela
717 3374 838 3440 ferendo
