2348 4102
126 361 166 419 12
436 365 780 416 METAMORPHOSEON

124 513 347 594 Fatidicamque
362 511 504 588 Themin,
520 534 584 595 quae
599 534 676 574 nunc
690 515 787 575 oracla
802 513 931 575 tenebat.

123 608 192 671 Non
208 609 257 670 illo
272 609 375 671 melior
390 610 553 690 quisquam,
568 630 624 671 nec
639 611 780 671 amantior
795 610 868 690 requi

125 703 180 765 Vir
193 704 257 780 fuit,
272 717 322 765 aut
337 705 387 765 illi
400 706 577 765 metuentior
590 705 650 765 ulla
665 706 796 766 deorum.

123 798 240 882 Jupiter
254 815 286 860 ut
300 800 416 882 liquidis
431 814 563 881 stagnare
579 802 733 882 paludibus
747 802 859 876 orbem,

124 895 166 956 Et
180 917 332 977 superesse
349 898 428 957 videt
443 897 480 957 de
496 911 538 958 tot
552 898 642 959 modo
656 898 782 958 millibus
804 918 904 971 unum,
1034 902 1101 962 325

125 990 166 1052 Et
180 1013 332 1074 superesse
348 993 429 1054 videt
443 994 480 1053 de
495 1006 538 1053 tot
554 993 643 1053 modo
657 993 783 1053 millibus
797 1014 904 1067 unam3

124 1086 269 1149 Innocuos
284 1090 395 1164 ambos,
410 1090 536 1149 cultores
551 1089 676 1148 numinis
692 1090 811 1163 ambos;

125 1182 235 1244 Nubila
249 1183 379 1265 disjecit:
403 1184 567 1264 nimbisque
582 1183 732 1264 Aquilone
746 1185 876 1259 remotis,

125 1278 167 1339 Et
181 1279 258 1341 coelo
273 1292 363 1339 terras
377 1278 514 1352 ostendit,
531 1290 561 1339 et
574 1278 682 1339 aethera
696 1279 788 1339 terris.

125 1371 192 1434 Nec
208 1374 293 1434 maris
308 1374 350 1434 ira
363 1385 481 1447 manet3
503 1374 657 1455 positoque
671 1374 831 1455 tricuspide
846 1374 906 1435 telo
1035 1379 1103 1439 330

125 1467 242 1531 Mulcet
257 1488 347 1550 aquas
362 1481 457 1529 rector
471 1469 584 1549 pelagi:
607 1489 753 1551 supraque
768 1469 945 1551 profundum

126 1562 313 1640 Exstantem,
329 1577 416 1646 atque
431 1562 568 1624 humeros
583 1564 683 1625 innato
697 1565 807 1626 murice
823 1578 946 1641 tectum,

126 1658 295 1721 Caeruleum
310 1659 434 1721 Tritona
449 1674 552 1736 vocnt3
574 1661 753 1741 conchaeque
769 1662 867 1721 sonaci

126 1754 270 1836 Inspirare
281 1754 385 1837 jubet3
407 1755 572 1836 fluctusque
588 1768 618 1814 et
633 1755 754 1814 flumina
768 1755 851 1834 signo

127 1850 196 1911 Jam
209 1871 347 1912 revocare
362 1850 441 1911 dato·
468 1906 473 1921 ,
486 1849 572 1911 Cava
585 1850 710 1911 buccina
723 1851 846 1912 sumitur
867 1850 908 1913 illi
1036 1854 1102 1914 335

126 1945 258 2023 Tortilis,
273 1946 302 2008 in
317 1946 408 2008 latum
424 1967 487 2028 quae
501 1946 615 2007 turbine
630 1946 735 2008 crescit
750 1948 787 2008 ab
809 1948 884 2009 imo:

126 2041 271 2119 Buccinn,
286 2065 350 2125 quae
364 2044 463 2104 medio
477 2043 614 2124 concepit
629 2056 662 2103 ut
676 2046 745 2104 adra
759 2057 861 2124 pontu,

127 2139 242 2200 Littera
255 2160 329 2199 voce
344 2139 449 2219 replet,
465 2139 519 2198 sub
534 2151 657 2219 utroque
669 2136 798 2220 jacentia
812 2137 941 2199 Phoebo.

127 2233 208 2294 Tum
224 2244 351 2315 quoque,
366 2246 399 2293 ut
413 2254 464 2294 ora
478 2232 525 2294 dei
540 2232 659 2293 madidi
672 2232 798 2293 rorantia
811 2232 903 2295 barbi

128 2328 272 2409 Contigit,
287 2329 438 2390 etcecinit
449 2329 545 2413 jussos
560 2327 660 2389 inflata
674 2342 822 2411 receptus
1036 2333 1103 2395 34⁰

127 2425 274 2487 Omnibus
289 2425 388 2487 audita
402 2439 447 2487 est
461 2427 572 2487 telluris
587 2439 617 2488 et
633 2426 754 2508 equoris
768 2427 871 2489 undis:
1078 2416 1081 2421 ¹

128 2520 170 2583 Et
185 2523 289 2603 quibus
304 2523 447 2584 est-undis
462 2523 571 2597 audita,
586 2524 717 2585 coercuit
730 2543 843 2582 omnes.

170 2617 239 2678 Jam
253 2637 333 2678 mare
348 2618 428 2677 littus
443 2618 548 2678 habet:
573 2617 676 2697 plenos
691 2616 771 2697 capit
785 2616 886 2676 alveus
901 2636 1019 2679 amnes:
1089 2689 1096 2697 ,

128 2712 268 2774 Flumina
281 2711 449 2773 subsidunt:
472 2711 562 2773 colles
577 2713 658 2772 exire
673 2711 817 2773 videntur.

117 2807 227 2890 ‘Surgit
242 2809 363 2869 humus:
387 2821 522 2870 crescunt
536 2808 601 2869 loca
616 2808 851 2870 decrescentibus
865 2810 961 2871 undis.
1035 2812 1101 2873 345

129 2902 261 2988 Postque
277 2905 355 2967 diem
370 2906 486 2987 longam
501 2905 611 2966 nudata
624 2906 778 2979 cacumina
792 2906 881 2967 silvae.

128 3001 308 3079 Ostendunt,
323 3002 483 3085 limumque
500 3016 601 3065 tenent
616 3003 645 3064 in
660 3001 761 3066 fronde
776 3003 932 3065 relictum..
