2348 4102
133 355 197 424 lea
535 304 701 414 aurarius

131 512 290 576 Successor
304 511 357 574 suit
371 513 418 574 hic
433 512 495 587 tibi,
511 510 617 586 Galle3
640 510 811 591 Propertius
825 507 877 571 illi.

173 608 306 681 Quartus
321 608 358 671 ab
373 609 417 670 his
432 608 507 669 sen'e
521 607 662 689 temporis
678 607 741 688 ipse
756 605 808 668 lui.

130 703 233 787 thue
249 726 306 786 ego
320 704 455 788 majores,
471 704 514 765 sic
528 723 577 765 me
592 703 711 765 coluere
726 703 870 764 minores:
1065 706 1101 766 55

51 878 54 882 μ
172 799 312 883 Notaque
327 823 386 862 non
401 799 485 862 tarde
500 799 578 861 facta
591 797 702 860 Thalia
716 818 785 859 mea
798 812 854 860 est.

130 894 273 958 Carmina
287 900 358 958 cum
373 896 501 978 primum
516 895 628 976 populo
639 894 782 977 juvenilia
795 894 873 976 legi3

171 991 272 1054 Barba
286 1005 400 1054 resecta
415 992 487 1053 mihi
502 991 584 1052 bisve
599 991 731 1051 semelve
748 990 812 1051 fuit.

130 1087 269 1150 Moverat
283 1088 443 1169 ingenium,
458 1099 551 1149 totam
566 1099 684 1149 cantata
698 1107 752 1168 per
765 1085 892 1163 Urbem,

171 1180 301 1244 Nomine
316 1205 374 1245 non
390 1204 460 1246 vero
476 1184 554 1244 dicta
568 1182 701 1245 Corinna
722 1182 805 1245 mibi.
1064 1184 1101 1245 60
1125 1241 1129 1254 ,

95 1280 104 1303 '
128 1278 226 1340 Multa
241 1280 361 1361 quidem
375 1280 495 1360 scripsi:
519 1278 572 1339 sed
587 1299 651 1360 quae
668 1278 772 1340 vitiosa
786 1279 899 1361 putavi,

171 1372 380 1436 Emendaturis
394 1374 509 1455 ignibus
524 1373 588 1456 ipse
603 1373 684 1435 dedi.

128 1468 210 1532 Tum
226 1492 354 1554 quoque,
368 1472 440 1533 cium
455 1469 599 1551 firgerem,
614 1469 748 1553 quedam
764 1470 907 1553 placitura
921 1473 1061 1548 cremavi,

171 1566 265 1630 Iratus
280 1568 376 1630 studio
391 1567 626 1650 carminibusque
648 1567 733 1628 meis.

128 1660 234 1740 Molle,
250 1663 426 1746 Cupidineis
440 1685 496 1726 nec
511 1663 740 1744 inexpugnabile
753 1662 820 1724 telis
1063 1664 1100 1726 65

169 1758 233 1822 Cor
246 1759 329 1835 mihi,
345 1760 483 1842 quodque
498 1760 571 1820 levis
585 1779 676 1820 causa
689 1772 834 1835 moveret,
848 1772 923 1823 erat.

128 1852 210 1918 etun
224 1869 324 1917 tamen
339 1856 396 1917 hcc
412 1876 521 1930 essem,
536 1855 719 1936 minimoque
734 1855 914 1918 accenderer
927 1856 1008 1938 igni3

169 1949 298 2013 Nomine
314 1952 368 2014 sub
382 1965 482 2013 nostro
496 1950 594 2013 fabula
608 1951 689 2012 nulla
703 1949 784 2013 filu:

126 2045 212 2109 Penb
229 2048 302 2109 mihi
317 2069 411 2130 puero
424 2069 482 2110 nec
497 2049 595 2129 digna,
610 2068 667 2108 nec
681 2048 770 2123 utilis,
784 2068 861 2113 uxor

168 2142 225 2205 Est
240 2143 324 2205 data:
349 2166 412 2227 quae
429 2157 547 2225 tempus
562 2143 707 2224 perbreve
721 2157 815 2226 nupta
829 2142 893 2207 luit.
1063 2150 1102 2209 70

126 2236 172 2300 Illi
187 2240 339 2314 successit,
356 2240 489 2322 quamvis
504 2239 567 2300 siue
582 2239 714 2316 crimine,
727 2241 859 2325 conjux;

167 2324 238 2425 Non
253 2347 353 2397 tamen
368 2335 397 2398 in
413 2348 512 2398 nostro
526 2335 609 2397 firma
624 2335 810 2399 saturatum.

125 2429 249 2509 Ultima,
265 2453 329 2516 quae
344 2455 463 2496 mecum
478 2454 557 2496 seros
572 2434 731 2517 permansit
746 2435 775 2496 in
790 2454 892 2511 annus,

167 2526 312 2589 Sustinuit
325 2527 436 2612 conjux
451 2529 562 2590 exsulis
577 2549 643 2590 esse
659 2529 723 2590 viri.
768 2533 769 2536 ’

123 2619 200 2684 Filia
216 2643 265 2683 me
279 2644 348 2684 mea
360 2624 406 2685 bis
420 2623 516 2707 primia
530 2623 669 2686 foecunda
679 2623 816 2708 juvente,

166 2717 228 2779 Sed
243 2738 302 2779 non
318 2739 358 2780 ex
372 2740 433 2781 uno
447 2719 586 2802 conjuge,
602 2719 671 2782 secit
686 2742 785 2782 avum.

124 2811 166 2876 Et
176 2813 239 2900 jam
253 2815 418 2898 complerat
433 2816 548 2898 genitor
561 2836 614 2878 sua
629 2816 706 2894 sata;
728 2839 898 2902 novemque

167 2912 330 2975 Addiderat
345 2915 441 2976 lustris
457 2915 549 2977 altera
563 2914 654 2976 lustra
667 2935 787 2977 novem.

123 3007 193 3072 Non
209 3011 292 3072 aliter
306 3011 387 3088 flevi,
403 3013 493 3094 quiam
508 3032 558 3074 me
574 3012 696 3075 fleturus
713 3014 888 3095 ademptum
978 3071 981 3074 ,

165 3105 220 3167 Ille
235 3106 298 3168 luit.
344 3107 585 3189 Matriprcxima
596 3108 677 3192 justa
691 3099 756 3173 tuli.
1062 3112 1103 3174 ὦ

122 3200 241 3265 Felices
256 3203 609 3288 ambo,'tempestiquue
624 3207 744 3288 sepulti,
1007 3200 1009 3208 ’

166 3301 246 3363 Ante
262 3301 340 3362 diem
357 3320 452 3383 poenae
468 3300 546 3391 qubd
562 3302 677 3383 periere
692 3326 766 3367 mere
777 3305 788 3367 l·

119 3395 177 3460 Me
192 3419 311 3481 quoque
326 3395 454 3476 felicem,
469 3398 549 3482 qubd
564 3420 624 3462 non
639 3401 807 3464 virentibus
822 3403 878 3465 illis

164 3493 238 3557 Sum
252 3495 359 3574 miser3
381 3508 411 3559 et
425 3496 463 3558 de
478 3516 527 3558 me
543 3497 623 3581 qudd
638 3498 760 3574 doluere
774 3499 865 3563 nibill
