2348 4102
469 361 578 413 LIBER
599 361 674 412 xm.

441 721 580 786 LIBER
605 721 697 785 Xlll.

107 899 284 979 cenwelf
306 935 409 976 mm
430 933 555 977 mezu
576 935 619 975 m
640 935 786 978 mesen
806 935 851 979 DE
873 935 1026 980 nomme
1049 940 1053 947 ’

517 1029 624 1075 ARMIS·

529 1211 559 1251 v.
579 1193 607 1252 l.

74 1369 253 1434 consedere
270 1371 377 1441 duces:
402 1382 442 1446 et,
458 1365 544 1450 vulgi
552 1383 648 1443 stante
662 1371 782 1449 octoni,

73 1467 179 1548 Surgit
191 1467 229 1527 ad
245 1467 299 1528 hos
313 1464 413 1546 clypei
428 1465 563 1525 dominns
577 1468 779 1546 septemplicis
792 1467 887 1550 Ajex.

73 1561 180 1646 thue
195 1576 258 1623 erat
272 1560 429 1641 impatiens
444 1579 502 1634 ire,
519 1552 621 1639 Sigeia
634 1573 719 1621 torvo

73 1657 193 1720 Littora
207 1655 351 1737 respexit,
365 1654 550 1736 classemque
564 1653 595 1716 in
609 1655 716 1731 littore,
732 1653 833 1717 vultu:

72 1752 298 1833 Intendensque
313 1770 428 1825 manus,
445 1749 602 1830 ‘Agimus,
617 1751 673 1833 prd
690 1750 831 1833 Jupiter:
845 1752 940 1836 inquit
1035 1755 1057 1818 5

74 1848 179 1908 ‘Ante
194 1860 270 1908 rates
285 1865 424 1920 causam3
447 1858 478 1906 et
492 1867 611 1908 mecum
622 1846 777 1910 confertur
790 1847 935 1930 Ulysses!

73 1943 123 2005 At
137 1963 195 2003 non
211 1941 369 2004 Hectoreis
384 1940 527 2003 dubitavit
541 1941 649 2003 cedere
664 1942 807 2005 llamniis:

71 2037 165 2112 Quas
181 2059 238 2118 ego
251 2036 393 2112 sustinui;
417 2057 488 2119 ques
503 2037 561 2098 hic
576 2058 594 2097 a
607 2038 700 2098 classe
716 2036 826 2120 fugavi.

72 2133 185 2197 Tutius
200 2147 244 2194 est
258 2133 332 2195 fictis
346 2133 433 2214 igitur
446 2133 627 2196 contendere
644 2133 750 2212 verbis,

73 2229 181 2302 Quem
196 2249 328 2311 pugnare
342 2249 442 2308 menn.
487 2229 550 2294 Sed
565 2251 622 2293 nec
635 2230 708 2293 mihi
724 2231 822 2294 dicere
838 2245 1019 2318 promptum,

72 2323 144 2388 Nec
160 2323 257 2388 fecere
271 2337 317 2387 est
332 2325 396 2386 isti:
421 2338 622 2407 quantumque
637 2348 693 2406 ego
707 2326 807 2390 Marte
825 2327 926 2406 feroci,
1015 2333 1051 2394 ll

72 2421 232 2494 Quantum
247 2421 311 2483 acie
326 2420 423 2495 valeo,
438 2433 553 2480 tantum
567 2422 647 2481 valet
661 2423 715 2484 iste
729 2423 894 2504 loquendo
941 2458 943 2465 ν

72 2516 144 2580 Nec
158 2517 350 2579 memorande
365 2529 466 2578 tamen
481 2515 564 2577 vobis
578 2535 646 2577 mea
661 2516 749 2593 facta,
764 2515 895 2600 Pelasgi,

72 2612 152 2676 Esse
166 2634 249 2675 reor:
273 2613 385 2676 vidistis
400 2613 490 2674 enim.
535 2611 597 2674 Sua
611 2627 709 2676 narret
723 2613 866 2698 Ulysees:

71 2708 154 2783 Quae
168 2710 232 2771 sine
246 2722 323 2771 teste
337 2710 421 2791 gerit,
436 2729 562 2792 quornm
576 2730 638 2771 nox
651 2711 770 2774 conscia
782 2714 847 2775 eolo
860 2725 917 2775 eet.
1014 2716 1054 2778 15

117 2804 246 2867 Praemia
259 2826 366 2887 magna
380 2806 443 2889 peti
458 2804 567 2868 fateor:
590 2806 644 2882 sed
660 2806 754 2869 demit
768 2809 911 2870 honorem

70 2899 224 2964 AEmuluS.
268 2901 356 2988 Ajaoi
371 2923 430 2964 non
443 2915 490 2964 est
504 2903 633 2964 tenuisse
648 2903 818 2982 superbum,

69 2997 120 3062 sit
134 2998 205 3060 licet
220 3000 278 3062 hoc
293 3000 407 3079 ingens,
422 2997 565 3080 quidquid
579 2997 709 3079 speravit
723 2994 859 3082 Ulysees.

70 3094 134 3157 Iste
149 3095 216 3157 tulit
229 3095 357 3177 pretirnn
367 3092 431 3178 jam
445 3114 524 3156 nunc
539 3094 706 3159 certaminis
720 3094 826 3181 hujue;

70 3190 147 3263 Quo
161 3193 232 3253 crim
247 3193 341 3254 victus
356 3193 422 3269 erit,
436 3211 556 3254 mecum
570 3191 698 3254 certiore
713 3192 832 3272 seretur.
1009 3197 1053 3260 2⁰

115 3288 218 3372 Atque
233 3309 301 3370 ego,
314 3289 340 3355 si
354 3288 444 3354 virtus
459 3289 489 3350 in
503 3290 732 3353 medubitabilie
743 3305 837 3370 esset,
998 3284 1000 3291 ’

68 3381 235 3448 Nobilitate
250 3399 356 3469 potens
371 3406 478 3463 essem,
492 3384 810 3455 Telnrnonecrentus:

67 3477 188 3545 Moenia
203 3483 253 3567 qui
267 3481 332 3546 forti
347 3481 479 3571 {injece
491 3482 547 3546 sub
561 3480 807 3568 Herculecepit:
