2348 4102
110 383 173 446 170
347 387 539 440 Eunomus.
573 383 748 437 uelatum
771 381 849 437 xm.

108 537 190 604 Inter
203 537 283 601 mille
298 552 376 601 rates
389 552 441 600 tua
455 537 492 599 sit
506 536 662 598 millesima
676 535 797 618 puppis,

150 635 279 720 Jamque
294 634 433 716 fatigatae
441 635 544 696 ultima
559 646 656 695 verset
671 653 774 715 aquas.

108 729 178 796 Hoc
194 753 312 816 quoque
327 752 515 815 praemoneo:
540 730 578 792 de
594 750 670 791 nave
685 728 863 790 novissimus
877 728 939 790 exi.
1050 729 1090 793 95

151 827 222 893 Non
237 843 292 907 est,
308 829 368 912 quo
383 848 536 912 properes,
550 841 628 889 terra
642 839 765 909 paterna
780 825 843 887 tibi.

108 925 192 991 cum
207 926 319 1002 venies,
334 947 475 1008 remoque
491 945 578 986 move
595 924 721 1006 veloque
735 923 885 999 carinam3

151 1021 247 1106 Inque
261 1036 314 1084 tuo
327 1023 457 1084 celerem
471 1022 568 1084 littore
583 1021 652 1082 siste
668 1020 803 1101 gradum.

109 1118 171 1181 Sed
186 1131 238 1182 tua
251 1139 305 1180 our
318 1119 401 1180 nobis
417 1118 531 1201 pallens
546 1117 672 1180 occurrit
686 1117 806 1198 imago?

152 1213 219 1277 Cur
233 1215 315 1276 venit
329 1235 348 1276 a
362 1215 458 1276 verbis
473 1215 567 1276 multa
581 1214 703 1295 querela
716 1212 796 1274 tuis?
1033 1214 1092 1276 100

110 1307 257 1373 Excutior
270 1330 393 1385 somno;
415 1310 629 1392 simulacraque
644 1309 739 1371 noetis
753 1308 855 1385 adoro,
1118 1308 1120 1315 ⁴

152 1403 244 1468 Nulla
257 1419 337 1469 earet
352 1404 434 1477 fumo
448 1404 602 1467 Thessalis
617 1426 667 1467 ara
680 1426 760 1468 tneo.

109 1499 216 1566 'I'hura
230 1502 344 1578 damus,
359 1502 581 1586 lacrymansque
596 1502 687 1585 super
695 1523 705 1578 ;
727 1500 787 1584 qufi
800 1520 903 1584 spma
917 1500 1042 1579 relucet,

152 1599 198 1662 Ut
212 1600 288 1662 solet
302 1597 408 1663 adfluo
420 1619 541 1680 surgere
556 1599 677 1662 flatnma
690 1619 783 1660 maro.

111 1692 181 1759 Hoc
197 1717 326 1779 quoque,
342 1682 422 1778 quo'd
439 1695 519 1757 venti
533 1695 692 1778 prohsttent
706 1695 790 1756 exire
804 1695 930 1772 mrim,
1034 1696 1094 1759 105

96 1796 99 1804 '
153 1789 208 1853 Me
223 1805 341 1854 movet:
365 1791 463 1853 invitia
477 1791 521 1853 ire
524 1791 642 1872 paratis
655 1791 751 1872 aquis.

71 1878 81 1894 ‘
110 1885 191 1963 Quis
206 1887 299 1950 velit
292 1910 321 1949 ιιι
337 1887 473 1969 patriaui'
474 1886 571 1949 ‘vento
583 1886 760 1970 prohibente
773 1872 970 1952 revertit·

154 1985 185 2047 A
200 1984 296 2068 patria
310 1985 417 2068 pelago
432 1984 499 2046 vela
514 1997 634 2046 vetante
649 1982 764 2047 datis
899 1986 917 2001 ’'
969 1968 1017 2073 ἢ

112 2079 182 2166 Ipse
197 2102 281 2144 suem
294 2102 355 2143 non
369 2081 502 2164 praebet
495 2095 550 2143 1ter
564 2079 724 2163 Neptunus
739 2079 776 2142 ad
790 2080 906 2173 uphem.
1000 2072 1004 2077 ¹

155 2173 229 2249 Quo
243 2175 345 2236 ruitis?
391 2172 513 2236 Vestras
529 2175 653 2256 quisque
668 2174 763 2236 redite
786 2150 901 2238 domos
1035 2179 1098 2240 110

113 2270 188 2347 Quo
202 2271 294 2347 ruitis,
308 2269 430 2333 Danaa?
475 2267 593 2332 Ventos
607 2271 707 2334 audite
724 2284 869 2334 vetantes.

156 2366 226 2431 Non
240 2367 329 2430 subiti
343 2367 440 2444 casus,
454 2368 582 2430 numinis
597 2368 652 2430 ista
666 2390 749 2431 mona
765 2383 821 2432 est.

112 2464 198 2541 Quid
213 2466 323 2550 petitur
336 2478 430 2542 tanto,
444 2465 500 2528 nisi
514 2467 607 2548 turpis
622 2466 764 2545 adulte-ra,
778 2466 880 2530 bello?

156 2563 336 2639 nonlicet,
351 2562 479 2625 Inachia
495 2563 600 2624 vertite
616 2563 683 2624 vela
696 2576 784 2626 rates.

113 2657 176 2722 Sed
191 2658 261 2740 quid
276 2679 332 2739 ego
346 2678 457 2720 revoco
471 2658 555 2719 heo?
598 2658 700 2721 Omen
715 2661 881 2724 revocantis
895 2659 1013 2740 abesto,
1036 2662 1098 2725 115

154 2753 332 2842 Blandaque
346 2755 524 2837 compositae
539 2775 610 2817 aura
624 2757 768 2819 secundet
782 2779 885 2842 aquas.

113 2847 229 2917 Ultima
242 2851 381 2914 mandato
395 2852 550 2916 claudetur
563 2853 689 2936 epistola
703 2875 815 2938 parv03

158 2949 210 3013 ‘Si
224 2950 277 3013 tibi
290 2972 362 3012 cura
375 2951 448 3029 meI,
461 2951 499 3014 sit
513 2951 566 3015 tibi
580 2971 651 3014 eura
666 2951 731 3015 tui.'
