2348 4102
463 380 550 448 nux,
570 381 715 434 ennon.

99 533 142 597 At
155 552 213 596 uon
228 531 278 594 ille
293 530 366 593 deus
380 553 485 614 pacem
501 532 575 593 intra
590 532 699 594 moenia
713 531 792 593 finit:

140 628 296 691 Auxilium
311 641 373 690 toto
387 629 496 711 spargit
510 629 539 690 in
553 628 624 690 orbe
639 649 736 690 suurn.
796 646 800 650 ’

97 725 183 798 Quid
197 739 296 787 tamen
312 727 369 787 hoc
383 725 513 808 prodest,
528 724 628 786 medii
641 725 665 786 si
679 715 745 786 luce
760 724 918 808 politoque

141 821 300 899 Verberon,
315 835 345 883 et
359 836 428 884 tutae
442 843 501 883 non
516 822 584 882 licet
599 842 664 883 esse
679 821 774 883 mihi?

98 917 180 1001 Ergo
193 939 250 980 nec
265 919 348 979 nidos
363 918 437 980 foliis
452 919 571 993 haerere,
586 938 642 979 nec
656 917 745 978 ullam

141 1015 267 1077 Sedibus
282 1015 311 1075 in
326 1014 429 1077 nostris
444 1028 520 1076 stare
535 1014 639 1077 videtis
654 1034 751 1077 avem.

98 1109 143 1172 At
157 1111 241 1192 lapis,
256 1111 285 1171 in
299 1131 381 1172 ramo
395 1111 471 1173 sedit
487 1111 654 1194 quicunque
668 1110 791 1186 bifurco,

142 1204 254 1283 Haeret,
269 1221 300 1269 et
314 1220 346 1268 ut
360 1206 450 1289 capta
464 1207 601 1269 victorin
615 1228 682 1268 arce
696 1217 805 1267 manet.

99 1299 216 1364 Caetera
229 1323 307 1384 saepe
322 1316 421 1365 tamen
438 1303 561 1385 potuere
577 1303 703 1366 admissa
715 1301 826 1384 negari,

141 1394 184 1458 Et
197 1398 308 1460 crimen
323 1419 384 1459 nox
398 1412 443 1459 est
457 1400 583 1460 inficiata
597 1419 694 1472 suum.
778 1474 782 1481 .

98 1490 208 1554 Nostra
221 1505 303 1555 notat
318 1492 400 1557 fusco
415 1493 518 1572 digitos
533 1491 636 1575 injuria
649 1512 752 1571 sucooq
836 1547 844 1557 ,

139 1588 262 1651 Cortice
276 1600 425 1649 contactas
440 1587 585 1648 inficiente
599 1607 714 1647 manus.

96 1683 152 1747 Ille
166 1704 253 1745 cruor
265 1701 349 1744 meus
364 1695 426 1744 est:
449 1682 499 1743 illo
512 1681 657 1744 maculata
671 1701 775 1743 cruore

140 1779 211 1841 Non
226 1778 394 1862 profecturi
408 1778 514 1840 dextra
527 1779 642 1840 lavatur
655 1776 743 1860 aqud.

97 1876 128 1939 O
143 1897 210 1957 ego,
224 1878 294 1938 cdrn
309 1877 401 1956 longae
417 1887 561 1938 venerunt
573 1875 659 1943 taedia
675 1876 753 1950 vite,

140 1972 253 2055 Optavi
269 1973 383 2055 quoties
400 1973 479 2034 arida
493 1972 571 2034 facta
581 1971 677 2055 rnori!
691 1968 705 1989 ⁴

98 2068 211 2152 Optavi
226 2068 350 2151 quoties,
366 2081 416 2130 aut
430 2089 510 2131 caeco
523 2069 639 2130 turbine
653 2069 738 2157 qqrti,

142 2165 205 2227 Aut
221 2159 318 2227 valido
330 2166 409 2228 missi
424 2164 557 2235 fithnhrie
566 2165 634 2247 igne
649 2162 729 2248 peti!

98 2262 200 2344 Atque
215 2262 326 2322 utinam
341 2262 443 2322 subita
456 2275 594 2343 raperent
608 2283 676 2324 mea
690 2283 779 2344 poma
793 2260 940 2344 procelle,

142 2356 201 2418 Vel
217 2377 334 2439 possem
348 2355 457 2416 fructus
472 2370 613 2417 excutere
627 2358 690 2438 ipsa
705 2379 798 2420 meos.

98 2453 160 2530 Sic,
175 2454 226 2515 ubi
241 2453 372 2514 detracta
386 2464 431 2512 est
446 2464 507 2512 ate
522 2451 575 2512 tibi
589 2471 678 2513 causa
693 2452 806 2534 pericli,

141 2547 235 2622 Quod
249 2560 393 2630 superest,
409 2560 515 2624 tutum,
530 2546 656 2610 Pontice
671 2559 776 2625 castor,
792 2548 895 2611 habes.

98 2643 183 2718 Quid
198 2644 270 2706 mihi
284 2657 355 2706 tunc
369 2645 457 2706 animi
473 2657 527 2720 est,
542 2645 611 2706 crim
625 2645 714 2707 sumit
728 2645 788 2707 tela
801 2646 895 2709 viator
903 2666 912 2724 ;

143 2740 244 2824 Atque
260 2741 350 2802 oculis
367 2741 457 2823 plagae
473 2741 600 2803 destinat
614 2742 682 2804 ante
697 2742 817 2805 locum?

99 2836 167 2901 Nec
182 2838 274 2899 vitare
289 2836 357 2899 licet
373 2851 453 2899 moto
468 2838 529 2911 fera
543 2838 666 2900 verbera
679 2851 795 2915 trunco,

141 2933 244 3007 Quem
260 2935 314 2995 sub
329 2935 420 2995 humo
435 2933 518 2995 radix
533 2934 688 3016 vinclaque
702 2934 785 2997 firma
799 2947 912 2999 tenent.

100 3032 236 3116 Corpora
250 3033 414 3116 prebemus
428 3033 539 3114 plagis:
561 3045 594 3095 ut
609 3054 686 3117 saepe
701 3034 824 3116 sagittis,

87 3189 89 3193 .
143 3129 224 3192 Ciam
239 3132 366 3213 populus
380 3129 509 3192 manicas
523 3131 694 3213 deposuisse
710 3144 808 3196 vetat:

99 3225 181 3289 Utve
196 3248 316 3308 gravem
331 3228 459 3289 candens
473 3227 524 3290 ubi
537 3227 600 3290 tolli
615 3249 706 3292 vacca
723 3228 861 3307 securim,

144 3323 207 3385 Aut
222 3324 320 3405 stringi
335 3325 443 3386 ouitros
458 3325 488 3385 in
502 3346 555 3386 sua
568 3325 645 3387 colia
660 3326 752 3388 videt.

99 3420 188 3503 Saepe
204 3442 284 3483 meas
300 3436 389 3484 vento
405 3420 521 3483 frondes
535 3421 844 3504 tremuisseputistis:

143 3517 205 3581 Sed
220 3530 316 3581 metus
331 3520 360 3582 in
374 3519 458 3581 nobis
472 3537 562 3581 eausa
574 3519 708 3583 tremoris
723 3532 796 3582 erat.
