2348 4102
492 419 496 423 p
532 343 641 417 mera
657 346 690 400 x.

117 483 229 559 Exitus
245 489 375 575 auspicio
390 494 521 574 gravior:
544 517 613 558 nam
627 510 730 580 nupta,
745 519 802 580 per
815 498 919 564 herbas

118 585 204 648 Dum
219 609 297 649 nova
312 587 460 651 Naiadum
476 591 563 652 turbd
576 594 715 657 comitata
735 611 865 677 vagatur,
896 648 898 652 ,

118 681 253 760 Decidit,
268 685 297 746 in
312 685 403 747 talum
418 688 563 769 serpentis
579 688 667 751 dente
681 706 814 774 recepto.
1046 699 1098 772 >10

117 777 223 851 Quam
237 781 306 844 satis
321 781 359 844 ad
373 804 493 865 superas
509 799 666 868 postquam
680 787 880 871 Rhodopeius
895 811 979 854 auras

118 873 254 940 Deflevit
268 891 369 955 vates3
391 900 429 940 ne
445 901 504 941 non
520 895 645 944 tentaret
659 879 690 944 et
705 885 833 962 umbras

114 972 169 1039 Ad
185 972 279 1055 Styga
293 974 432 1039 Taenarii
446 990 491 1038 est
507 998 595 1039 ausus
610 979 790 1043 descendere
806 981 902 1064 porti.

115 1067 236 1152 Perque
251 1071 334 1141 leves
348 1074 485 1156 populos,
501 1075 715 1159 simulacraque
730 1075 830 1140 functa
842 1079 997 1162 sepulcris,

114 1163 331 1249 Persephonen
347 1170 426 1247 adiit,
442 1170 650 1254 inamoenaque
664 1194 756 1254 regna
771 1188 923 1238 tenentem
1055 1181 1093 1241 15
1126 1192 1135 1205 ·

112 1260 295 1327 Umbrarum
310 1265 479 1329 dominum:
503 1268 653 1352 pulsisque
669 1270 707 1331 ad
721 1272 852 1335 carmirra
866 1273 965 1339 nervis

112 1357 166 1420 Sic
181 1361 238 1436 ait3
262 1361 310 1424 ‘O
325 1364 412 1445 positi
426 1363 481 1425 sub
495 1364 574 1426 terrai
587 1367 707 1437 numina
721 1369 834 1445 mundi,

108 1453 149 1520 ln
164 1478 253 1539 quem
267 1459 424 1521 recidimus
440 1460 582 1542 quidquid
592 1464 719 1525 >mortale
733 1486 885 1541 creamur;

111 1553 147 1615 Si
160 1554 239 1631 licet,
255 1569 296 1632 et,
311 1555 374 1617 salsi
389 1556 490 1638 positis
505 1556 676 1637 ambagibus
690 1555 757 1636 oris,

112 1649 195 1712 Vera
208 1652 291 1734 loqui
306 1652 414 1728 sinitis3
437 1674 496 1714 non
507 1652 578 1729 hue,
592 1665 626 1713 ut
638 1642 735 1735 opaca
750 1654 882 1718 viderem
1045 1661 1092 1727 ‚20

110 1745 248 1825 Tartara,
265 1749 404 1812 descendi
413 1771 422 1826 3
444 1770 501 1813 nec
516 1748 560 1814 uti
570 1749 678 1822 ¹villosa
691 1751 818 1814 colubris

109 1842 213 1907 Tema
227 1843 372 1916 Medusaei
387 1846 528 1910 vincirem
539 1849 807 1928 guttura'monstri.

104 1939 214 2004 Causa
230 1943 280 2004 vie
294 1940 423 2026 conjux:
447 1943 581 2025 inquam
595 1943 711 2007 calcata
726 1963 875 2012 ¹venenum

111 2035 227 2121 Vipera
241 2038 373 2114 diffirdit3
395 2052 622 2121 crescentesque
631 2038 756 2116 ⁴abstulit
771 2055 873 2108 annos.

110 2134 205 2197 Posse
221 2135 282 2218 pati
296 2136 393 2198 volui:
417 2157 473 2199 nec
483 2156 538 2200 me
552 2135 682 2200 tentisse
692 2137 824 2218 negabo.
922 2211 926 2217 „
1045 2140 1089 2206 25

110 2229 193 2294 Vicit
206 2232 312 2294 Amor.
353 2232 561 2315 Superddeus
575 2221 716 2304 hic'bene
727 2244 818 2298 notus
832 2233 862 2299 in
877 2233 930 2297 ord
941 2247 1000 2298 est.

109 2329 161 2390 An
176 2330 213 2392 sit
228 2343 257 2391 et
273 2330 332 2406 hic,
348 2330 467 2391 dubito:
490 2330 543 2391 sed
558 2343 589 2391 et
603 2326 653 2391 hic
667 2344 767 2393 tamen
783 2352 909 2412 auguror
923 2352 999 2396 esse.

104 2424 264 2509 uanaque
277 2426 302 2487 si
317 2438 450 2487 ueterem
464 2445 524 2485 non
539 2438 584 2485 est
599 2425 722 2487 mentita
736 2427 879 2507 rapinam,
1029 2489 1031 2493 .

109 2519 174 2585 Vos
186 2544 303 2606 quoque
314 2521 414 2606 junxit
426 2521 531 2582 Amor.
576 2519 637 2581 Per
643 2541 703 2600 >ego
714 2521 778 2582 hec
789 2522 855 2584 loca
865 2523 1085 2604 plena-timoris,

107 2616 169 2679 Per
183 2618 285 2681 Chaos
301 2619 358 2680 hoc
372 2618 485 2698 ingens,
502 2617 634 2700 vastique
649 2617 764 2680 silentia
773 2618 871 2700 regni,
1042 2623 1086 2686 30

108 2713 285 2797 Eurydices,
300 2736 362 2791 oro,
378 2728 535 2797 properata
548 2714 749 2776 retexite-fila.

106 2811 218 2873 Omnia
232 2812 375 2873 debemur
390 2811 490 2888 vobis3
513 2800 693 2894 paulumque
713 2812 827 2887 morati,

97 2907 208 2970 ‘Serius
222 2922 272 2990 aut
286 2909 371 2971 citius
385 2901 488 2970 sedem
503 2926 695 2990 properamus
710 2906 746 2966 ad
762 2926 862 2966 unam.

104 3004 271 3075 Tendimus
285 3006 344 3067 huc
360 3023 474 3079 omnes,
484 3004 553 3064 ·haec
566 2995 613 3064 'est
622 3001 734 3063 domus
749 3001 867 3066 ultima:
893 3023 1004 3088 vosque

104 3100 238 3163 Humani
254 3100 551 3182 generisdongissima
566 3120 657 3180 regna
672 3098 789 3160 tenetis.
821 3147 823 3152 .
1039 3103 1081 3167 35

104 3198 184 3260 Hoec
201 3198 412 3282 quoque,ei1m
424 3197 519 3283 justos
534 3211 647 3259 matura
663 3197 809 3279 peregerit
823 3217 926 3274 annos,

103 3295 183 3357 Juris
199 3297 253 3358 erit
271 3297 366 3358 vestri.
408 3295 473 3357 ¹Pro
487 3296 609 3358 munere
625 3295 772 3378 poscimus
787 3315 884 3356 usum.

100 3392 199 3467 Quod
213 3394 236 3455 si
252 3393 311 3455 fata
325 3408 434 3474 negant
451 3392 566 3464 veniam
574 3414 634 3475 pro
649 3389 787 3475 conjuge,
801 3402 915 3452 certum
928 3402 975 3453 est

102 3490 193 3554 Nolle
208 3491 303 3553 redire
319 3490 401 3553 mihi.
446 3490 525 3553 Leto
540 3490 667 3572 gaudete
683 3484 828 3551 duorum’
