2348 4102
440 436 443 442 t
503 396 610 449 alutae
631 395 679 449 111.

94 541 204 604 Causa
218 537 271 602 suit
284 541 390 617 luetis,
406 543 560 625 alienaque
574 566 683 607 cornua
698 544 784 607 fiunti

96 635 224 711 Addita,
240 657 351 718 vosque
366 658 455 698 canes
469 641 577 701 satiatae
592 641 733 720 sanguine
748 640 842 701 herili.

97 731 237 791 Athene
252 731 276 792 si
292 752 420 811 quaeias3
443 731 582 795 Fortunae
597 735 708 796 crimen
723 736 752 795 in
767 734 827 809 illo,

97 823 171 886 Non
185 824 282 886 seelus
296 826 439 887 invenies.
484 827 577 899 Quod
592 830 672 889 enim
686 829 782 889 scelus
798 849 877 889 error
891 829 1041 891 habebat?

143 918 206 980 Dat
221 940 321 1000 spulso
335 921 426 1000 capiti
441 918 551 982 vivacis
565 942 674 982 cornua
687 923 785 983 cervi:
1013 927 1073 987 120

98 1012 164 1074 Dat
177 1013 304 1094 spatium
318 1014 412 1095 eollo:
435 1036 623 1098 summasque
637 1016 804 1079 cacuminat
817 1036 917 1077 aures:

97 1105 182 1168 Cum
197 1107 381 1190 pedibusque
395 1130 510 1184 manus,
525 1131 594 1171 cum
608 1111 701 1189 longis
717 1112 835 1172 brachia
853 1124 947 1173 mutat

98 1200 261 1263 Cruribus:
285 1216 315 1263 et
330 1204 408 1264 velat
422 1205 572 1266 maculoso
587 1206 696 1265 vellere
710 1226 827 1287 corpus.

97 1295 229 1356 Additus
243 1309 274 1357 et
288 1318 380 1377 pavor
394 1312 448 1359 est.
494 1297 587 1379 Fugit
601 1300 769 1361 Autoneius
784 1300 886 1361 heros:

98 1388 143 1451 Et
157 1411 189 1451 se
204 1403 266 1452 tam
279 1393 407 1453 celerem
421 1413 507 1473 eursu
523 1390 646 1455 miratur'
655 1395 685 1455 in
700 1395 775 1475 ipso.
1014 1394 1073 1455 125

97 1483 145 1546 Ut
159 1487 230 1546 verb
244 1487 333 1547 solitis
348 1508 402 1547 sua
415 1508 525 1548 cornua
539 1488 611 1548 vidit
625 1489 655 1548 in
669 1489 766 1563 undis,

98 1577 174 1639 ‘Me
188 1580 329 1640 miserum
339 1582 356 1640 l’
381 1581 509 1641 dicturus
525 1595 603 1641 erat:
626 1602 687 1641 vox
701 1581 782 1641 nulla
796 1593 897 1641 secuta
910 1592 966 1641 est.

97 1671 267 1752 Ingemuit;
290 1691 351 1730 vox
366 1671 415 1731 illa
428 1670 499 1731 suit:
522 1674 718 1752 laerymaeque
732 1694 852 1752 perora

100 1766 132 1827 N
133 1756 238 1828 on‘sua
251 1766 414 1826 fluxemnt.
458 1762 548 1825 Mens
562 1766 676 1827 tantiam
690 1766 811 1846 pristina
824 1768 939 1829 mansit.

143 1859 229 1932 Quid
242 1858 351 1920 faeiat?
368 1870 521 1941 repetatne
537 1859 667 1934 donum,
679 1861 788 1938 regalia
801 1864 900 1923 tecta?
1011 1863 1075 1925 130

98 1955 152 2016 An
166 1955 258 2015 lateat
269 1953 370 2015 silvis?
391 1950 561 2026 timothoe,
576 1953 671 2033 pudor
685 1953 808 2033 impedit
822 1953 904 2014 illud.

98 2048 185 2111 Dum
199 2048 322 2123 dubitat,
337 2046 437 2108 videre
451 2066 557 2108 canes:
581 2047 750 2129 primusque
764 2045 945 2129 Melampus,

99 2142 335 2224 Ichnobatesque
350 2163 442 2222 sagax
455 2142 560 2203 latratu
575 2142 657 2222 signa
671 2141 791 2203 dedere.

99 2236 176 2298 Inde
189 2250 279 2298 ruunt
291 2236 339 2297 alii
353 2235 456 2318 rapidi
470 2237 599 2298 veloeiils
614 2237 695 2311 aura,

99 2329 249 2412 Quosque
259 2329 366 2392 referre
381 2351 463 2391 mora
477 2343 532 2391 est.
576 2330 624 2391 Ea
637 2332 722 2392 turba
736 2331 875 2412 cupidine
890 2332 996 2414 praedae

100 2425 163 2487 Per
176 2446 274 2506 rupes,
290 2424 498 2504 scopulosque,
513 2424 652 2505 adituque
667 2426 796 2486 carentia
810 2446 892 2500 saxa,
1013 2427 1074 2488 136

99 2519 176 2591 Qua
189 2520 237 2581 via
251 2517 387 2593 affictis,
402 2516 520 2598 quiaque
534 2529 580 2577 est
594 2517 641 2576 via
655 2517 746 2591 nulla,
761 2516 901 2578 semntur.

99 2613 156 2677 Ille
170 2613 254 2695 sugit,
269 2634 323 2695 per
337 2634 399 2695 quae
415 2611 509 2673 suerat
523 2611 589 2673 loca
602 2632 680 2693 saepe
695 2625 824 2674 secutus.

99 2704 313 2819 anfqmidus
326 2706 421 2786 fugit
414 2727 478 2788 ipse
493 2707 581 2769 suos!
604 2708 731 2769 clamare
746 2708 866 2783 libebat,

116 2832 119 2837 ·
214 2822 319 2901 „m
332 2822 415 2863 sum:
438 2802 589 2864 dominum
603 2803 771 2881 cognoscite
786 2803 937 2863 vestrum?
1013 2803 1075 2865 140

100 2870 317 2971 Verba-··dnimo
330 2897 453 2958 desunt·
477 2909 594 2957 resonat
608 2896 758 2956 latratibus
774 2896 873 2955 aether.

99 2980 204 3053 Prima
214 2970 453 3053 Melanchaetes
445 3011 475 3050 m
491 3003 574 3068 tergo
589 2989 710 3048 vulnera
723 2988 812 3049 feeit:

99 3084 243 3147 Proxima
256 3083 470 3158 Theridamas3
493 3082 701 3171 Oresitrophos
716 3082 821 3145 haesit
813 3104 843 3143 m
858 3104 949 3145 amm.

98 3179 228 3240 Tardiiis
243 3180 388 3256 exierant,
400 3178 453 3239 sed
468 3199 522 3258 per
534 3178 710 3258 compendia
724 3178 830 3238 montis

101 3273 272 3354 Antieipata
284 3274 330 3333 via
345 3285 399 3332 est.
444 3271 609 3332 Dominum
623 3271 814 3332 retinentibus
829 3271 884 3332 illis
1015 3272 1076 3334 145

98 3365 220 3429 Caetera
233 3367 317 3426 turba
330 3367 400 3439 coit,
415 3363 587 3445 confertque
601 3365 630 3426 in
644 3385 768 3446 corpore
789 3364 902 3425 dentes.

97 3459 171 3525 Jam
184 3461 251 3523 loca
266 3459 432 3520 vulnen’bus
447 3457 564 3518 desunt.
608 3456 712 3518 Gemit
726 3457 786 3531 ille3
801 3474 975 3538 sonumque,
