2348 4102
485 361 592 411 menn
611 362 685 411 xrrr.
1014 364 1076 426 129

140 505 255 570 Littore
271 498 414 570 Threicio
428 511 553 572 classem
568 510 703 591 religarat
719 511 849 586 Atrides,

97 600 183 665 Dum
197 624 277 665 mare
292 620 441 687 pacatum,
457 607 527 667 dum
544 622 647 671 ventus
659 608 778 668 amicior
792 621 880 669 esset.
1010 612 1074 674 435

98 699 160 762 Hic
174 701 281 776 subito,
298 716 434 784 quantus,
449 704 518 764 cirm
537 706 659 781 viveret,
676 726 739 766 esse
754 705 878 783 solebat,
912 699 915 704 ¹
1015 778 1016 782 Ἰ

97 795 173 858 Exit
187 798 278 859 humo
292 798 351 859 late
367 798 465 881 rupte,
480 800 639 882 similisque
655 801 773 875 minaci,

97 893 257 976 Temporis
272 894 348 955 illius
363 896 477 957 vultum
493 894 637 957 referebat
652 896 797 972 Achillea,

98 987 173 1062 Quo
188 990 265 1051 serus
280 991 387 1075 injusto
402 993 486 1074 petiit
500 994 729 1074 Agamemnona
744 993 830 1055 ferro.

99 1085 369 1170 ‘Immemoresque
385 1090 445 1149 mei
460 1089 628 1165 disceditis,’
644 1090 748 1171 inquit,
765 1090 914 1153 ‘Achivit
1011 1094 1075 1156 440

98 1182 272 1266 Obrutaque
288 1199 332 1246 est
346 1206 464 1246 mecum
479 1187 592 1248 virtutis
606 1187 698 1267 gratia
712 1189 838 1249 nostrae?

97 1278 147 1341 Ne
163 1278 267 1341 facite:
292 1295 382 1363 utque
397 1304 497 1344 meum
513 1305 572 1345 non
588 1283 624 1344 sit
639 1283 701 1344 sine
717 1284 828 1346 honore
843 1285 1022 1369 sepulcrum,

97 1374 205 1438 Placet
220 1377 373 1439 Achilleos
388 1393 516 1440 mactata
530 1380 690 1460 Polyxena
705 1381 830 1442 manes.²

141 1471 246 1534 Dixit:
270 1487 311 1549 et,
326 1473 430 1534 immiti
445 1475 530 1535 sociis
545 1475 714 1555 parentibus
728 1477 850 1551 umbrae,

91 1567 201 1650 >Rapta
215 1570 280 1629 sinu
295 1569 405 1645 matris,
421 1591 510 1651 quam
520 1568 582 1652 jam
598 1570 691 1650 prope
707 1570 768 1630 sola
783 1570 912 1647 fovebat,
1006 1575 1074 1657 ¹445

97 1663 208 1740 Fortis,
224 1677 255 1725 et
269 1662 381 1741 infelix,
397 1678 427 1726 et
442 1666 598 1748 plusquam
613 1664 744 1742 foemina,
760 1667 842 1748 virgo
939 1722 941 1727 .

94 1760 228 1823 'Ducitur
242 1760 279 1821 ad
294 1762 450 1838 tumulum,
466 1762 587 1845 diroque
601 1763 633 1824 fit
648 1763 743 1824 hostia
756 1763 852 1824 busto.

98 1856 178 1930 Quae
194 1878 309 1919 memor
323 1859 386 1940 ipsa
400 1860 455 1945 sui,
474 1874 629 1944 postquam
644 1839 811 1921 crddelibus
826 1859 881 1920 aris

97 1953 232 2017 Admota
247 1967 308 2030 est3
331 1955 550 2038 sensitquesibi
565 1956 629 2018 fera
640 1977 723 2017 sacra
737 1956 850 2037 parari3

89 2048 203 2131 *thue
219 2048 451 2131 Neoptolemum
466 2066 603 2135 stantem,
619 2052 788 2135 ferrumque
802 2062 965 2128 tenentem,
1010 2054 1075 2116 450

99 2144 194 2228 Inque
209 2166 263 2207 suo
277 2147 349 2208 vidit
363 2149 502 2229 figentem
518 2151 629 2211 lumina
644 2151 747 2224 vultu3
824 2207 825 2210 ,

100 2241 213 2304 ‘Utere
225 2241 400 2324 jamdudum
415 2266 559 2325 generoso
574 2245 736 2327 sanguine‚'
753 2245 844 2307 dixit:
888 2304 894 2309 ,
962 2249 964 2252 ⁴

100 2337 211 2400 ‘Nulla
224 2359 306 2400 mora
321 2353 376 2401 est.
421 2341 465 2401 At
479 2355 511 2402 tu
521 2341 636 2424 jugulo,
653 2342 701 2402 vel
716 2355 847 2423 pectore,
862 2342 955 2404 telum

100 2432 207 2495 Conde
222 2434 318 2496 meo:’
338 2434 534 2517 jugulumque
550 2436 637 2496 simul
652 2448 816 2524 pectusque
831 2436 951 2497 retexit.

100 2529 240 2591 ‘Scilicet
255 2544 305 2592 aut
320 2530 370 2591 ulli
385 2531 493 2592 servire
509 2529 668 2613 Polyxena
683 2529 799 2606 ferrem,
1011 2532 1075 2592 455

99 2626 163 2687 Aut
178 2627 304 2708 pertale
319 2648 434 2688 sacmm
449 2648 560 2688 numen
575 2627 738 2715 placabitur
753 2626 857 2687 ullum.
919 2688 921 2692 .

99 2720 182 2795 Mors
200 2723 312 2784 tantiun
328 2724 436 2785 vellem
451 2737 576 2786 matrem
591 2745 658 2785 mea
673 2723 773 2785 fallere
793 2735 903 2805 posset.

98 2816 200 2881 Mater
215 2820 317 2895 obest3
340 2821 503 2902 minuitque
519 2821 600 2882 necis
614 2821 686 2881 mihi
699 2817 821 2898 gaudia:
846 2818 979 2899 quamvis

98 2914 169 2977 Non
184 2936 251 2977 mea
266 2938 343 2977 mors
359 2904 410 2991 iili,
426 2917 529 2977 versun
540 2937 593 2977 sua
608 2916 667 2975 vita
681 2912 828 2993 gemenda
849 2925 904 2973 est.

100 3010 165 3073 Vos
179 3011 280 3087 modo,
296 3033 333 3073 ne
350 3011 469 3094 Stygios
485 3011 589 3072 adeam
605 3032 663 3071 non
679 3009 770 3071 libera
785 3028 898 3084 manes,
1012 3008 1077 3071 460

99 3105 173 3167 Este
188 3109 291 3189 procul
300 3130 309 3183 ;
331 3109 355 3169 si
366 3108 447 3191 justa
460 3120 548 3192 peto:
573 3120 713 3189 tactuque
729 3105 826 3167 viriles

99 3202 242 3285 Virgineo
257 3219 409 3266 removete
424 3226 546 3267 manus:
570 3204 720 3287 acceptior
734 3203 785 3279 illi,
994 3285 996 3288 .

99 3298 243 3382 Quisquis
258 3301 282 3361 is
298 3315 352 3378 est,
368 3322 456 3384 quem
471 3303 557 3363 caede
571 3300 640 3362 med
653 3302 770 3386 placare
786 3299 904 3382 paratis,

100 3395 190 3458 Liber
205 3397 259 3458 erit
273 3398 400 3478 sanguis.
446 3398 479 3459 Si
494 3418 566 3480 quos
581 3411 680 3458 tamen
691 3397 794 3459 ultima
807 3392 898 3455 nostri

102 3490 180 3566 Vota
194 3509 317 3558 movent
332 3495 408 3575 oris3
430 3494 541 3558 Priami
558 3515 609 3557 vos
623 3494 683 3558 filia
697 3492 784 3575 regis,
1013 3487 1078 3550 465
