2348 4102
128 336 172 397 82
451 336 800 390 METAMORPHOSEON

129 488 218 551 Colla
228 488 301 573 jugo
317 490 451 570 eripiunt,
468 491 649 572 abruptaque
664 490 724 549 lora
739 489 916 571 relinquunt.

129 584 194 646 Illic
208 584 295 646 fraena
305 585 415 668 jacent,
431 585 490 645 illic
505 597 624 645 temone
640 585 771 644 revulsus
1044 586 1110 647 315

130 681 224 756 Axis3
247 681 275 740 in
291 681 348 741 hac
362 682 434 742 radii
450 680 604 742 fractarum
619 693 702 761 parte
717 693 862 739 rotarum:

129 773 295 857 Sparsaque
311 792 377 837 sunt
391 777 450 837 lato
465 778 553 838 laceri
570 777 691 856 vestigia
705 774 816 835 cuntis·

129 872 173 932 At
188 870 357 947 Phaethon,
372 873 472 933 rutilos
487 873 607 933 flamma
621 872 781 952 populante
795 869 927 951 capillos,

131 965 269 1028 Volvitur
283 968 311 1028 in
328 990 468 1050 pracepS,
483 968 630 1049 longoque
646 970 781 1047 peraeta
795 978 889 1026 tractu

130 1061 255 1139 Fertur3
277 1077 310 1124 ut
324 1066 469 1125 interdum
484 1064 521 1123 de
536 1064 614 1123 coelo
628 1063 712 1122 stella
726 1082 840 1137 screno,
1043 1066 1107 1125 320

131 1156 197 1219 Etsi
211 1181 270 1219 non
284 1159 401 1233 cecidit,
418 1158 512 1239 potuit
526 1158 667 1219 cecidisse
683 1157 785 1217 videri.

130 1252 234 1323 Quem
249 1255 351 1333 procul
366 1275 383 1313 a
397 1254 492 1334 patria
506 1254 622 1314 diverso
636 1255 781 1313 maximus
797 1251 867 1311 orbe

131 1346 253 1429 Excipit
268 1348 424 1425 Eridanus,
440 1350 663 1430 spumantiaque
679 1348 769 1408 abluit
784 1369 844 1408 ora.

130 1441 244 1506 Naides
259 1444 412 1525 Hesperia
426 1445 521 1506 trifida
535 1444 676 1506 fumantia
690 1442 811 1504 flamma

131 1540 267 1624 Corpora
280 1543 350 1602 dant
365 1543 496 1603 tumulo:
520 1542 693 1623 signantque
708 1541 765 1600 hoc
778 1539 907 1600 carmine
923 1559 1045 1600 saxum:

132 1637 211 1699 ‘Hic
226 1639 297 1699 situs
312 1653 357 1700 est
372 1638 541 1715 Phaethon,
556 1638 657 1700 curnis
674 1638 772 1716 auriga
787 1635 916 1717 paterni:
1041 1637 1103 1697 326

132 1731 235 1805 Quem
250 1734 274 1793 si
289 1755 347 1794 non
363 1736 466 1810 tenuit,
482 1736 594 1813 magnis
610 1747 708 1793 tamen
724 1732 834 1792 excidit
850 1731 948 1792 ausis!

132 1827 211 1888 Nam
227 1841 311 1909 pater
324 1829 477 1904 obductos,
493 1829 573 1889 luctu
589 1828 757 1889 miserabilis
774 1848 860 1908 aegro,

132 1922 312 1986 Condiderat
330 1925 442 1985 vultus:
466 1938 506 2001 et,
522 1925 545 1985 si
560 1924 649 1985 modo
664 1924 820 1999 credimus,
835 1945 928 1983 unum

132 2018 193 2081 Isse
210 2021 288 2082 diem
304 2022 365 2081 sine
381 2022 441 2081 sole
458 2020 563 2081 serunt.
609 2020 751 2081 Incendia
765 2020 864 2079 lumen
1040 2021 1104 2080 330

131 2114 323 2190 Praebebant3
347 2116 507 2196 aliquisque
522 2117 600 2176 malo
615 2115 668 2175 fnit
682 2136 751 2173 usus
766 2115 794 2173 in
810 2115 869 2173 illo.

131 2211 175 2270 At
189 2209 338 2291 Clymene
353 2224 508 2291 postquam
524 2211 607 2284 dixit,
624 2230 805 2291 quaecunque
821 2208 936 2269 suerunt

132 2305 166 2367 In
182 2305 267 2367 tantis
282 2305 407 2366 dicenda
421 2306 504 2366 malis
517 2327 524 2381 ;
547 2305 675 2386 lugubris
690 2318 720 2365 et
735 2327 847 2381 amem,

132 2401 174 2463 Et
188 2401 296 2464 laniata
309 2403 387 2463 sinus
402 2415 496 2463 toturn
512 2403 678 2485 percensuit
693 2404 811 2464 orbem:

132 2498 353 2582 Exanimesque
370 2514 447 2562 artus
462 2499 567 2582 primo,
582 2522 653 2561 mox
669 2522 734 2566 ossa
748 2501 908 2581 requirens,
1041 2501 1104 2560 335

132 2595 258 2677 Repetit
273 2619 339 2655 ossa
352 2612 452 2655 tamen
468 2596 621 2676 peregrina
635 2596 752 2656 condita
771 2595 844 2675 ripa.

132 2690 327 2771 Incubuitque
342 2689 425 2750 loco:
448 2710 616 2770 nomenque
632 2690 661 2750 in
676 2711 819 2751 marmore
834 2690 945 2751 lectum

42 2848 45 2855 ,
132 2784 266 2847 Perfudit
281 2786 429 2866 lacrymis,
444 2798 474 2846 et
488 2798 590 2866 aperto
605 2799 725 2866 pectore
741 2784 823 2846 fovit.

339 3038 502 3080 Ennianus
525 3039 560 3080 IN
582 3039 727 3081 ARBORES
749 3039 898 3082 maan.

561 3220 590 3259 v.
606 3201 679 3260 340.

177 3364 245 3430 Nec
259 3368 355 3430 mimis
370 3364 513 3427 Heliades
527 3365 625 3442 fletus,
639 3379 680 3443 et,
695 3365 793 3427 inania
807 3378 894 3428 morti

133 3462 271 3542 Munera,
287 3466 357 3527 dant
371 3466 533 3546 lacrymas:
557 3475 589 3523 et
601 3485 683 3526 caesae
698 3475 819 3546 pectora
832 3461 937 3546 palmis
1042 3463 1109 3527 340
