2348 4102
156 389 201 452 84
469 357 817 448 MnrAMoarnosnort

157 542 342 607 Semanimes
356 562 453 604 errare
467 543 531 617 viis,
546 542 618 603 dum
631 555 708 614 stare
723 541 871 616 valebant,

160 637 356 720 Adspiceres3
377 637 485 699 flentes
501 637 583 712 abor,
596 649 741 718 terraque
751 635 904 717 jacentes3
1072 639 1123 699 110

157 732 311 814 Lassaque
326 745 477 794 versantes
489 752 629 814 supremo
643 731 753 793 lumina
767 743 862 792 motu.

201 826 285 901 Quid
298 828 371 890 mihi
384 841 455 889 timo
470 827 560 889 animi
573 825 648 888 fuit?
670 847 718 901 an,
734 825 814 909 quod
828 825 930 887 debuit
943 846 1022 902 esse,

157 921 202 985 Ut
217 924 307 984 vitam
322 923 461 999 odissem,
474 936 505 985 et
518 943 660 1005 ouperem
675 942 741 1003 pars
757 941 821 982 erse
836 924 993 983 meorum?

159 1017 233 1091 Quo
248 1040 280 1079 se
294 1038 412 1100 cunque
427 1018 506 1080 acies
519 1018 672 1079 oculorum
688 1016 829 1092 flexerat;
850 1015 910 1078 illic

159 1112 275 1193 Vulgus
291 1126 352 1173 erat
367 1126 505 1173 stratum:
530 1111 622 1172 veluti
635 1110 705 1172 obm
720 1111 817 1192 putria
831 1111 919 1174 motis
1072 1114 1125 1176 1¹15

157 1207 254 1268 Poma
267 1208 377 1268 cadunt
391 1207 489 1282 ramis,
504 1206 671 1287 agitarique
685 1205 752 1267 ilice
766 1206 898 1286 glandes.

156 1300 287 1383 Ternpla
303 1301 383 1363 videa
396 1301 510 1375 contri,
525 1300 663 1380 gradibus
675 1300 811 1371 sublinit
823 1301 935 1381 longis:

156 1395 274 1478 Jupiter
284 1396 337 1458 illa
351 1409 445 1458 tenet.
489 1394 569 1468 Quis
582 1415 643 1457 non
657 1395 794 1458 altaribus
808 1396 865 1458 illis

157 1491 241 1554 Irrita
255 1492 341 1554 thura
353 1492 442 1554 tulit?
463 1490 578 1574 quoties
592 1511 647 1573 pro
660 1489 786 1574 eonjuge
801 1490 925 1574 oonjux,

157 1588 217 1650 Pro
231 1601 320 1670 gnato
335 1588 459 1670 genitor,
473 1588 545 1650 dum
560 1589 651 1650 verba
663 1587 815 1670 precantia
828 1587 910 1663 dioit,
1072 1589 1127 1651 18⁰

157 1681 227 1744 Non
242 1684 368 1744 exoratis
382 1684 511 1746 anirnam
525 1683 619 1744 finivit
632 1683 662 1744 in
672 1683 746 1744 arie:

156 1776 251 1859 inque
265 1799 353 1839 manu
368 1776 461 1840 thuris
473 1797 541 1858 pars
556 1777 762 1858 incorrumpta
774 1789 892 1858 reperta
907 1779 970 1841 esti

156 1873 279 1935 Admoti
295 1873 409 1955 quoties
421 1872 552 1955 templis,
566 1873 639 1945 durn
652 1884 722 1934 vota
736 1871 872 1934 sacerdos

156 1968 307 2052 Concipit,
322 1982 353 2030 et
367 1968 461 2030 bindit
476 1988 583 2051 purum
597 1968 673 2030 inter
686 1987 796 2030 cornua
810 1967 922 2044 uinum,
1153 2021 1160 2031 .

59 2063 67 2073 '
157 2062 247 2126 Haud
262 2078 435 2146 exspectato
449 2064 621 2126 ceciderunt
635 2065 756 2125 vulnere
770 2063 863 2127 tauri!
1031 2105 1034 2111 -
1071 2065 1126 2127 185

155 2158 170 2220 Ι
172 2180 224 2240 pse
239 2181 295 2240 ego
309 2180 392 2221 saera
405 2159 475 2221 Jovi
489 2179 543 2240 pro
557 2179 617 2233 me,
632 2157 798 2240 patriique,
811 2159 962 2242 tribusque

154 2253 237 2316 cum
252 2254 379 2316 facerem
393 2253 479 2328 natis,
494 2253 623 2333 mugitus
637 2252 757 2315 victima
770 2253 849 2315 diros

27 2423 32 2437 ι
155 2347 274 2410 Edidit:
298 2363 327 2411 et
341 2348 441 2410 subitb
453 2348 584 2430 oollapaa
596 2349 660 2410 sine
676 2348 780 2410 ictibus
794 2349 860 2410 ullis

155 2443 275 2526 Exiguo
289 2444 378 2507 tinxit
390 2444 539 2528 subjectos
553 2445 696 2526 sanguine
708 2445 828 2507 cultros.

154 2540 245 2602 Fibra
259 2562 376 2623 quoque
391 2562 467 2621 repa
481 2554 565 2602 notar
580 2541 651 2616 veri,
666 2541 854 2622 monitusque
868 2539 992 2603 deorum
1069 2544 1126 2605 19⁰

153 2635 347 2695 Prodiderat:
369 2636 468 2695 tristes
480 2648 637 2714 penetrant
650 2635 688 2696 ad
704 2635 816 2696 viscera
830 2635 934 2698 morbi.

153 2728 234 2789 Ante
250 2748 346 2789 saeros
362 2729 422 2790 ridi
437 2727 568 2810 projecta
581 2729 726 2790 cadavera
740 2744 849 2810 posteo,

153 2825 234 2886 Ante
249 2825 339 2906 ipsas,
354 2824 417 2908 qud
427 2845 505 2886 mors
520 2823 595 2886 soret
608 2823 787 2900 invidiosior,
802 2845 877 2886 aras.

152 2919 225 2981 Pars
240 2921 368 2983 animam
382 2920 491 3004 laqueo
500 2920 660 2994 claudunt:
682 2920 840 3003 mortisque
856 2920 992 2984 timorem

152 3014 251 3076 Morte
267 3015 385 3096 fugant:
396 3018 543 3098 'ultroque
559 3029 666 3078 vocant
681 3015 829 3079 venientia
841 3015 927 3089 futu„
1067 3019 1124 3082 19⁵

152 3109 288 3191 Corpora
301 3112 389 3171 missa
403 3112 469 3172 neci
483 3113 570 3174 nullis
584 3112 623 3172 do
637 3133 720 3172 more
734 3111 866 3172 femnmr

151 3203 335 3266 Funeribus:
359 3224 460 3286 neque
471 3206 554 3266 enirn
564 3205 721 3285 capiebant
734 3204 837 3267 funera
851 3221 952 3288 porte.

151 3302 214 3362 Aut
228 3302 380 3362 inhumata
394 3313 532 3382 premunt
546 3313 654 3362 terras:
676 3314 728 3363 aut
742 3302 848 3364 dantur
861 3303 892 3364 in
906 3304 981 3366 altos

150 3395 284 3458 indotata
298 3416 395 3478 rogos.
440 3394 483 3458 Et
493 3394 555 3479 jam
570 3397 735 3458 reverentia
747 3397 828 3459 nulla
847 3411 908 3460 est:

149 3490 259 3574 Deque
274 3493 353 3574 rog'n
366 3505 517 3576 pugnant:
539 3492 700 3576 alienisque
715 3494 830 3574 ignibus
843 3494 958 3558 ardent.
1062 3495 1122 3558 Μ
