2348 4102
515 391 622 439 LIBER
641 391 661 439 Ι.

102 478 145 515 -''¹‘

89 534 176 619 que
189 546 291 596 tamen
305 554 346 595 ex
360 534 416 596 illis
430 536 528 617 aliquo
542 557 609 618 pers
623 536 744 599 humida
758 557 856 613 succo,

92 614 268 692 Edterrena
282 629 346 706 fuit,
363 651 446 692 versa
460 644 505 693 est
519 633 549 694 in
562 634 691 714 corporis
707 654 802 694 usum.

91 724 191 798 Quod
205 726 330 787 solidum
345 738 400 802 est,
415 727 553 809 flectique
568 729 680 810 nequit,
696 742 824 789 mutatur
837 728 866 789 in
881 748 963 791 osse:

92 819 191 893 Quod
204 820 294 882 modd
309 841 385 882 vena
399 821 463 898 fuit,
478 822 533 884 sub
548 823 654 884 eodem
669 824 787 884 nomine
802 824 918 887 mansit.
1004 826 1068 886 410

65 990 70 996 Ι
92 914 191 997 Inque
204 915 286 976 brevi
299 916 404 997 spatio,
419 937 592 998 superorum
606 918 737 991 numine,
749 939 822 979 saxa

93 1008 191 1072 Missa
205 1010 257 1071 viri
271 1011 405 1072 manibus
423 1011 528 1072 faciem
540 996 657 1081 tiaxdre
673 1012 803 1073 virilem:

94 1104 139 1167 Et
154 1105 191 1167 de
207 1105 347 1168 foemineo
361 1121 495 1188 reparata
509 1121 553 1168 est
569 1107 690 1170 soerninu
700 1107 792 1191 jactu.

92 1199 170 1262 Inde
184 1221 277 1282 genus
292 1203 397 1263 durum
412 1224 523 1278 sumus,
537 1204 754 1285 experiensque
768 1203 918 1265 laborum:

92 1295 139 1359 Et
153 1296 331 1359 documenta
345 1297 457 1375 damus,
473 1298 636 1380 quissimus
651 1299 761 1380 origine
776 1299 846 1360 nati.
1003 1301 1068 1361 tle

777 1430 817 1483 .t.

514 1544 655 1586 MHON.
793 1496 801 1537 ι

522 1720 553 1760 v.
569 1702 642 1763 438.

92 1865 151 1929 {lla
164 1865 286 1949 quidem
299 1866 401 1943 nollet,
415 1867 468 1928 sed
483 1880 513 1928 te
529 1888 658 1950 quoque,
672 1868 802 1930 maxime
818 1867 950 1951 Python,

90 1960 177 2024 Tum
192 1961 309 2043 genuit:
331 1963 509 2044 populisque
523 1963 617 2037 novis,
632 1963 780 2042 incognita
792 1984 926 2045 serpens,

91 2054 207 2119 Terror
221 2077 284 2118 eres
293 2078 302 2132 ;
322 2069 437 2119 tantum
451 2057 537 2138 spatii
553 2057 590 2118 de
606 2070 706 2118 monte
722 2058 854 2118 tenebas.
892 2120 897 2125 ,

92 2148 184 2213 Hunc
199 2151 273 2213 deus
287 2152 460 2227 arcitenens,
475 2165 506 2213 et
521 2174 671 2235 nunquam
686 2153 793 2214 talibus
807 2154 893 2215 armis

92 2244 188 2321 Ante,
203 2245 258 2308 nisi
272 2246 302 2307 in
316 2247 409 2308 domis
423 2248 595 2329 capreisque
610 2247 771 2329 fugacibus,
786 2269 865 2325 usus,
1004 2250 1069 2314 Ω]

56 2399 61 2407 ,
91 2336 181 2401 Mille
194 2360 315 2420 gravem
329 2341 406 2416 telis,
420 2342 568 2402 exhauste
581 2344 658 2424 pene
674 2345 821 2425 pharetrfi,

92 2432 238 2511 Perdidit,
253 2435 349 2495 effi1so
364 2454 418 2515 per
432 2435 553 2496 vulnera
567 2437 650 2515 nigra
664 2458 791 2498 veneno.

92 2527 183 2590 Neve
197 2529 294 2611 operis
308 2527 417 2590 samem
431 2529 523 2610 possit
539 2529 637 2590 delere
653 2543 792 2606 vetustas,

91 2622 222 2709 Instituit
235 2645 333 2687 sacros
347 2623 455 2685 celebri
470 2625 630 2686 certamine
644 2625 740 2702 ludos,

91 2718 216 2800 Pythie,
231 2719 269 2780 de
284 2719 400 2780 domitae
416 2720 559 2802 serpentis
573 2722 691 2783 nomine
707 2722 811 2786 dictos.
1003 2727 1068 2790 425

91 2813 152 2876 His
162 2814 306 2897 juvenum
322 2816 489 2898 quicunque
503 2836 604 2892 manu,
618 2816 792 2897 pedibusve,
807 2819 909 2881 rotdve

91 2907 218 2971 Vicerat
227 2931 246 2995 ;Ι
257 2911 387 2974 esculeae
401 2911 537 2992 capiebat
552 2911 660 2972 frondis
675 2912 827 2973 honorem.

90 3002 236 3066 Nondum
249 3006 348 3068 laurus
362 3019 443 3080 erat3
463 3006 611 3086 longoque
627 3006 764 3066 decentia
777 3005 855 3066 crine

87 3098 246 3184 Tempora
258 3103 394 3184 cingebat
409 3101 446 3164 de
462 3100 592 3184 quilibet
608 3100 709 3165 arbore
724 3100 867 3165 Phoebus.
