2348 4102
454 369 652 423 errarem
674 372 707 423 x.
1019 373 1080 436 163
1134 398 1136 403 .

101 513 178 578 Inde
192 536 250 596 ego
267 514 350 602 (nam
365 518 460 579 ventis
475 539 593 602 quoque
608 540 674 580 sum
688 518 854 582 crudelibus
868 518 936 605 usa)

128 684 132 688 λ
145 610 217 673 Vidi
232 612 371 694 praecipiti
386 615 505 675 carbasa
518 628 600 676 tenta
615 614 706 677 Noto.
768 675 769 678 ,
1036 619 1079 678 30

71 723 74 726 “
99 707 165 769 Aut
181 708 258 769 vidi:
281 710 445 784 autetiam,
460 710 529 771 cum
544 732 592 772 me
608 711 714 773 vidisse
729 725 874 793 putarem,

142 802 289 891 Frigidior
303 805 395 885 glacie
410 806 636 888 semanimisque
652 805 705 874 sui.

99 899 167 962 Nec
182 903 320 981 languere
335 901 389 966 diu
401 902 509 983 patitur
523 901 615 963 dolor.
660 901 785 964 Excitor
803 902 864 979 illu,

142 996 278 1074 Excitor,
294 1011 324 1059 et
338 998 454 1059 summi
468 997 589 1060 Thesea
605 1019 679 1060 voce
696 1019 780 1060 voco.

99 1092 191 1165 ‘Quo
206 1093 281 1174 fugis
291 1094 313 1155 ?'
336 1094 489 1155 exclamo:
513 1095 686 1170 ‘scelerate
700 1108 860 1170 revertere,
875 1093 1010 1156 Theseu.
1032 1097 1074 1157 3⁵

63 1256 69 1260 ⁵
141 1186 247 1250 Flecte
262 1202 372 1251 ratem:
395 1211 551 1250 numerum
565 1212 625 1251 non
640 1191 730 1252 habet
744 1190 794 1252 illa
807 1189 918 1252 suum?

98 1282 174 1346 Haec
189 1306 256 1366 ego.
300 1285 394 1358 Quod
408 1287 475 1348 voci
490 1286 600 1361 deerat,
616 1287 755 1367 plangore
770 1286 933 1370 replebam.

142 1380 277 1443 Verbera
291 1403 359 1443 cum
375 1383 470 1444 verbis
485 1384 572 1444 mista
586 1381 668 1443 fuere
683 1383 769 1445 meis.

97 1477 129 1539 Si
144 1500 203 1539 non
219 1478 345 1554 audires,
359 1489 393 1538 ut
407 1478 512 1537 saltem
526 1497 647 1537 cernere
662 1498 774 1557 posses,
881 1520 884 1525 .

137 1572 264 1634 laetatae
274 1572 338 1634 late
353 1572 435 1651 signa
450 1570 559 1632 dedere
573 1591 704 1651 manus...
881 1650 883 1654 Ι

96 1667 295 1750 Candidaque
310 1667 436 1750 imposui
450 1667 543 1746 longae
559 1666 705 1728 velamina
720 1666 816 1748 virga,

139 1765 262 1828 Scilicet
276 1765 381 1826 oblitos
396 1763 579 1825 admonitura
593 1763 663 1824 mei.

95 1861 226 1944 Jamque
241 1861 333 1922 oculis
348 1873 466 1942 ereptus
481 1881 545 1922 eras
555 1882 562 1921 :
572 1859 791 1940 'mmdenique
806 1857 887 1921 flevi.

138 1956 329 2038 Torpuerant
344 1955 448 2024 molles
463 1956 531 2018 ante
547 1956 648 2018 dolore
663 1977 757 2035 genae.

96 2052 182 2125 Quid
197 2052 293 2134 potius
308 2052 448 2128 facerent,
465 2053 553 2135 quam
568 2073 616 2113 me
631 2071 699 2113 mea
712 2051 824 2113 lumina
837 2050 951 2127 flerent,
1029 2053 1072 2114 45

139 2147 302 2231 Postquam
317 2149 463 2212 desierant
478 2149 543 2210 vela
558 2149 657 2210 videre
672 2150 744 2210 tua?

96 2246 160 2307 Aut
175 2266 233 2326 ego
247 2245 358 2307 diffusis
372 2247 466 2308 erravi
480 2248 542 2307 sola
555 2246 679 2327 capillis,

139 2341 246 2414 Qualis
262 2342 298 2403 ab
313 2341 434 2422 Ogygio
447 2342 562 2403 concita
576 2340 700 2402 Baccha
713 2342 788 2403 deo:
806 2409 809 2420 f

95 2439 161 2500 Aut
174 2460 254 2500 mare
269 2437 449 2520 prospiciens
464 2437 494 2496 in
508 2457 581 2497 saxo
595 2434 698 2514 frigida
711 2436 792 2496 sedi:

138 2535 301 2618 Quamque
316 2533 390 2615 lapis
404 2532 501 2608 sedes,
516 2545 576 2594 tam
591 2531 665 2614 lapis
680 2530 743 2612 ipsa
757 2529 809 2592 sui.
1030 2533 1072 2595 50

95 2631 182 2714 Saepe
198 2647 294 2693 torum
309 2643 423 2713 repeto,
439 2629 489 2712 qui
503 2651 556 2690 nos
572 2640 728 2710 acceperat
743 2627 863 2703 ambos3

138 2728 201 2790 Sed
215 2750 273 2789 non
289 2741 428 2810 acceptos
442 2727 625 2788 exhibiturus
641 2739 712 2787 erat.

96 2825 137 2888 Et
152 2839 212 2902 tua,
228 2825 432 2907 quapossum,
446 2845 500 2906 pro
515 2837 556 2899 te,
571 2822 694 2901 vestigia
707 2834 814 2900 tango;

138 2921 306 3004 Strataque,
321 2942 385 3003 quae
401 2920 538 2981 membris
550 2918 703 2998 intepuere
718 2916 786 2977 tuis.

96 3018 259 3094 Incumb03
281 3016 476 3098 lacrymisque
491 3028 556 3077 toro
569 3025 706 3074 manante
722 3009 858 3094 profirsis,
1029 3015 1072 3076 55

139 3113 344 3190 ‘Pressimus,'
360 3114 507 3189 exclamo,
523 3119 570 3175 ‘te
586 3110 662 3172 duo:
686 3108 776 3171 redde
791 3108 875 3172 duos.

97 3212 244 3275 Venimus
259 3212 317 3274 huc
333 3212 436 3274 ambo:
459 3231 513 3273 cur
525 3231 584 3273 non
599 3207 775 3270 discedimus
791 3206 899 3269 ambo?
986 3208 989 3211 ⁴

139 3309 269 3384 Perfide,
285 3329 351 3391 pars
365 3307 465 3383 nostri,
479 3307 598 3382 lectule,
612 3303 706 3388 major
718 3304 770 3367 ubi
785 3315 830 3365 est
841 3302 863 3364 l’

96 3404 179 3480 Quid
197 3405 324 3469 seciam?
368 3402 443 3477 Qud
457 3402 520 3465 sola
533 3401 629 3464 serari
674 3399 770 3462 Vacat
784 3398 879 3461 insula
891 3398 984 3461 culm.

139 3501 210 3567 Non
224 3502 377 3567 hominum
391 3499 489 3576 video,
504 3520 562 3561 non
577 3519 634 3580 ego
648 3497 725 3561 facta
738 3496 839 3559 boum.
1027 3496 1072 3560 60
