2348 4102
498 367 607 419 LIBER
622 366 696 418 vna

100 512 164 579 Hic
178 535 252 591 nux,
257 514 317 577 =hic
331 514 425 577 mixta
438 527 484 577 est
496 514 609 594 rugosis
622 514 718 576 canica
732 513 848 596 palmis,

99 608 273 692 Prunaque,
289 623 319 670 et
333 609 363 670 in
377 609 482 690 patulis
496 608 659 673 redolentia
672 609 750 671 mala
763 608 905 685 canistris,

99 704 142 768 Et
158 706 196 766 de
212 705 364 786 purpureis
378 705 509 766 collecta
519 705 633 767 ¹vitibus
644 726 721 766 uva.¹
774 739 776 746 ι

99 801 255 864 Candidus
270 801 299 861 in
314 800 412 863 medic
426 799 509 862 savus
524 812 579 861 est.
624 799 723 882 Super
736 800 835 862 omnia
849 801 946 863 vultus
1015 803 1075 864 135

99 896 266 959 Accessere
280 897 366 958 boni:
389 916 447 957 nec
460 895 537 957 iners
552 882 724 977 pauperque
740 895 884 957 voluntas.

142 991 271 1068 Interea,
287 992 401 1074 quotics
416 993 555 1054 haustum
568 1004 685 1054 cratera
694 991 803 1073 repleri

99 1087 214 1170 Sponte
229 1087 294 1162 sub,
309 1109 363 1168 per
376 1107 468 1169 seque
483 1088 584 1149 vident
597 1107 783 1149 succrescere
799 1087 876 1163 vina,

99 1182 227 1244 Attoniti
241 1182 371 1243 novitate
386 1194 506 1264 pavent,
521 1166 716 1265 manibusque
730 1182 849 1265 supinis

99 1275 283 1359 Concipiunt
296 1277 466 1359 Baucisque
481 1298 595 1359 preces,
610 1278 790 1361 timidusque
803 1277 979 1342 Philemon:
1014 1279 1076 1343 140

99 1370 142 1433 Et
157 1373 274 1434 veniam
289 1372 422 1456 dapibus,
436 1373 583 1454 nullisque
596 1374 744 1455 paratibus
754 1386 852 1437 crant*

141 1466 257 1529 Unicus
272 1487 357 1529 anser
371 1478 444 1541 erat,
459 1466 585 1528 minima
599 1469 737 1531 custodia
747 1469 839 1535 ville:

98 1559 203 1634 Quem
218 1561 264 1622 dis
279 1561 443 1643 hospitibus
458 1558 711 1622 dominimactare
725 1563 883 1643 parabant:
979 1611 981 1614 -

97 1653 249 1718 Ille-celer
263 1654 480 1736 pennatardcs
490 1666 575 1715 atate
590 1653 692 1735 fatigat
700 1676 711 1731 ;
1023 1710 1027 1714 .

98 1750 262 1833 Eluditque
278 1749 344 1812 diu:
367 1747 546 1832 tandemque
558 1763 606 1813 ,est
617 1750 695 1813 nisus
710 1750 840 1834 ad-ipsos
1014 1754 1075 1818 145

98 1845 277 1925 Confugisse
293 1845 374 1907 deos.
420 1843 527 1927 Superi
542 1847 664 1909 vetuere
678 1847 795 1924 necati3

98 1947 119 1987 ›“
128 1939 365 2023 Dique.sumus;
386 1940 565 2022 meritasque
578 1942 642 2002 luet
657 1942 761 2003 vicinia
774 1962 879 2024 poenas

97 2035 226 2118 linpia‚'’
243 2037 397 2102 dixerunt:
421 2043 440 2073 “
450 2036 533 2098 vobis
547 2037 725 2099 immunibus
739 2037 827 2122 hujus

98 2129 176 2192 Esse
191 2132 259 2193 mali
274 2133 404 2200 dabitur:
427 2132 517 2214 modd
532 2145 628 2195 vestra
641 2134 797 2216 relinquite
810 2145 907 2210 tecta3

97 2226 149 2288 Ac
162 2241 275 2288 nostros
289 2229 428 2306 comitate
443 2229 566 2308 gradus3
584 2241 619 2298 ¹et
633 2230 663 2291 in
674 2230 882 2292 arduamcntis
1013 2229 1075 2292 150

97 2319 145 2382 Ite
160 2321 279 2383 simul.’'
323 2322 434 2384 Parent
449 2324 546 2398 ambe,
560 2324 731 2406 baculisque
746 2325 835 2386 levati

99 2415 241 2479 Nituntur
254 2419 343 2496 longo
358 2417 603 2496 vestigiaponere
618 2418 706 2478 clivo.
753 2477 759 2489 x

142 2512 274 2574 Tantum
289 2513 408 2573 aberant
423 2531 549 2586 summo,
566 2522 707 2592 quantum
721 2509 814 2570 semel
828 2509 870 2570 ire
884 2511 989 2591 sagitta

98 2604 193 2668 Missa
207 2620 321 2688 potest:
345 2606 458 2667 flexere
473 2606 635 2683 oculos‚.et·
645 2626 742 2667 mersa
755 2605 864 2687 palude

98 2699 218 2764 Caetera
233 2700 429 2783 prospiciunt:
453 2700 567 2763 tantum
580 2722 634 2762 sua
648 2713 727 2763 tecta
739 2722 870 2763 manere.
1013 2701 1073 2763 155

97 2796 242 2879 Dumque
257 2818 293 2858 ea
307 2798 446 2858 mirantur
455 2819 472 2874 ;,
483 2795 557 2862 dum
572 2796 685 2859 deflent
698 2796 758 2858 sata
771 2817 908 2858 suorum:

96 2891 154 2954 Illa
169 2905 254 2952 vetus
269 2892 392 2953 dominis
407 2893 496 2952 etiam
510 2911 579 2952 casa
593 2910 684 2971 parva
698 2889 823 2963 duobus,

100 2987 233 3049 Vertitur
247 2989 276 3048 in
291 2986 452 3067 templum:
476 2985 571 3046 fiucas
586 2983 707 3050 subiere,
716 2982 877 3059 columna:

98 3083 247 3145 Stramina
261 3083 443 3155 flavescunt3
466 3079 663 3161 adopertaque
678 3098 821 3142 marmore
836 3078 933 3156 tellus,

98 3176 279 3259 Caelataeque
294 3176 381 3252 sores,
396 3187 554 3258 aurataque
569 3187 649 3238 tacta
663 3174 808 3238 videntur.
1012 3177 1074 3240 160

98 3273 187 3334 Talia
200 3293 270 3334 cum
284 3272 400 3354 placido
415 3271 569 3334 Saturnius
582 3271 672 3334 edidit
686 3292 754 3335 cre:

99 3377 120 3407 ‘⁶
130 3369 241 3451 Dicite,
252 3367 332 3450 juste
347 3389 451 3444 senex,
465 3380 499 3428 et
510 3366 631 3430 loemm
644 3367 771 3451 cunjuge
781 3364 868 3450 justo<

99 3464 211 3545 Digna,
227 3462 452 3547 qiddicptetisss'
497 3459 579 3528 cum
591 3460 982 3547 Bauc’ulazpaucalccmp
