2348 4102
456 388 631 440 amanum
655 388 715 440 vn.
1010 380 1072 445 159

96 533 184 614 Quid
199 554 274 617 puer
287 533 444 612 Ascanius,
460 535 530 619 quid
545 535 576 597 di
590 535 725 600 memdre
740 535 883 620 penates?

140 631 261 713 Ignibus
276 644 392 714 ereptos
407 633 511 694 obruet
525 631 604 693 unda
619 632 701 694 deos.

98 725 161 790 Sed
176 747 273 809 neque
288 726 345 788 sers
360 740 476 790 tecum:
499 747 566 804 nec,
582 748 646 809 quae
660 728 743 805 mihi,
759 727 881 811 perfide,
892 725 997 812 jactas,

105 835 108 837 ’
141 821 319 885 Presserunt
333 824 471 884 humeros
485 843 568 884 sacra
582 835 723 906 paterque
738 837 815 886 tuos.

98 917 210 980 Omnia
224 918 372 981 mentiris:
395 938 451 981 nec
466 919 546 981 enim
560 931 611 980 tua
626 918 726 981 fallere
740 919 841 1001 lingua
1031 918 1074 979 75

141 1013 250 1096 Incipit
264 1036 282 1076 a
295 1015 397 1090 nobis3
419 1015 571 1097 primaque
587 1015 702 1098 plector
715 1036 782 1098 ego.

99 1109 132 1172 Si
148 1132 268 1194 quaeras,
283 1111 333 1172 ubi
348 1111 384 1173 sit
395 1111 513 1173 formosi
528 1123 622 1173 mater
635 1111 708 1174 liiii:
819 1145 823 1156 =

141 1205 271 1283 Occidit,
287 1229 304 1268 a
319 1207 392 1269 duro
406 1208 469 1269 sola
482 1207 584 1270 relicta
598 1207 671 1269 viro.

101 1300 168 1365 Nec
181 1303 253 1364 mihi
267 1325 351 1366 mens
366 1304 454 1367 dubia
467 1317 523 1381 est,
539 1305 609 1388 quin
624 1317 653 1366 te
669 1317 720 1366 tua
733 1303 855 1366 numina
868 1305 1019 1366 damnent.

142 1397 204 1460 Per
216 1420 308 1478 mare,
323 1421 377 1482 per
391 1414 481 1462 terres
495 1401 621 1481 septima
631 1400 724 1482 jactat
739 1402 844 1473 hiems
1031 1399 1074 1461 80

98 1492 180 1556 Diva
196 1517 313 1578 parem,
329 1495 484 1576 seniorque
499 1507 592 1575 pater,
607 1494 656 1575 pia
669 1496 781 1556 sarcina
794 1496 866 1572 nati,

142 1589 238 1672 Spem
252 1590 325 1650 mihi
339 1588 467 1650 mansuri
480 1588 535 1649 rite
551 1587 660 1648 deddre
676 1588 739 1650 viri.

96 1685 132 1749 Si
147 1684 203 1746 fuit
218 1684 383 1761 errandum,
399 1705 502 1746 causas
517 1683 607 1745 hebet
622 1703 701 1745 error
715 1685 871 1746 honestas:

142 1780 233 1842 Adde
248 1779 354 1856 fidem;
376 1779 459 1841 nulld
472 1793 555 1863 perte
570 1779 723 1863 pigendus
730 1780 795 1843 erit.
1109 1852 1111 1855 ¹

96 1875 199 1940 Durat
213 1876 243 1938 in
258 1888 435 1953 extremum,
451 1877 576 1959 vitaeque
592 1877 750 1938 novissima
764 1889 867 1940 nostrae
988 1907 992 1910 ·
1032 1864 1074 1940 85

144 1970 336 2054 Persequitur
351 1970 411 2048 fati,
428 1972 478 2054 qui
492 1971 547 2034 tuit
561 1972 640 2049 ante,
655 1985 748 2034 tenor.

97 2066 220 2129 Occidit
233 2067 361 2128 internas
375 2066 487 2151 conjux
501 2080 646 2130 mactatus
661 2068 698 2130 ad
713 2088 793 2131 aras:

144 2161 186 2225 Et
200 2163 318 2224 sceleris
332 2163 405 2225 tanti
419 2165 537 2246 praemia
552 2162 641 2226 frater
654 2164 765 2226 habete
935 2227 938 2229 Α

98 2258 198 2321 Exsul
212 2280 300 2340 agor3
321 2260 494 2342 cineresque
509 2260 572 2336 viri,
587 2261 770 2345 patriamque
785 2261 944 2346 relinquo:-

100 2401 106 2412 ,
144 2353 185 2418 Et
200 2355 276 2418 seror
289 2356 317 2416 in
334 2356 431 2430 duras
446 2355 530 2416 hoste
544 2371 700 2438 sequente,
716 2358 787 2419 vias.
1032 2359 1076 2421 90

97 2449 246 2534 Applicor
260 2450 382 2530 ignotis:
406 2447 544 2532 fratrique
559 2451 660 2532 elapsa
673 2450 818 2533 fretoque,

128 2544 237 2617 -Quod
251 2547 303 2608 tibi
318 2545 435 2621 donavi,
450 2544 572 2626 perfide,
587 2544 667 2606 littus
682 2567 759 2607 emo.

97 2639 214 2706 Urbem
228 2638 384 2718 constitu13
405 2641 524 2724 lateque
539 2640 670 2723 patentia
684 2641 735 2704 fixi

143 2735 270 2814 Moenia,
284 2738 411 2800 finitimis
427 2737 568 2800 invidiosa
582 2739 665 2801 locis.

98 2833 189 2896 Bella
202 2848 335 2896 tument:
358 2834 443 2896 bellis
458 2834 612 2916 peregrina
625 2847 656 2895 et
669 2832 791 2895 soemiua
804 2846 917 2896 tentor:
1033 2837 1076 2898 95

145 2928 267 3013 Vixque
282 2929 369 2990 rudes
384 2942 483 3010 portas
497 2929 586 3003 urbis,
601 2941 632 2989 et
645 2948 736 3002 arma,
752 2948 835 3010 parc.
919 3010 922 3015 ἢ
1014 2957 1017 2961 <

99 3024 187 3087 Mille
203 3025 299 3108 procis
314 3024 429 3107 placui:
453 3024 502 3109 qui
516 3044 565 3085 me
579 3023 690 3099 coidre,
706 3036 872 3106 querentes,
1016 3030 1021 3040 '

144 3120 256 3183 Nescio
271 3142 359 3203 quem
374 3120 509 3182 thalamis
523 3119 715 3203 preposuisse
730 3120 801 3182 suis.

101 3215 187 3290 Quid
202 3217 316 3279 dubitas
332 3217 460 3280 vinctam
476 3215 596 3280 Gaetulo
610 3217 725 3278 tradere
740 3216 853 3281 larbae?
934 3227 940 3234 '
970 3296 972 3299 ι

145 3312 327 3385 Praebuerim
341 3303 691 3376 sceleribruchianostra
703 3326 764 3377 tuo.
1016 3314 1078 3378 100

103 3407 160 3471 Est
174 3410 265 3471 etiam
279 3408 366 3472 irater
374 3431 383 3486 ;
404 3407 489 3492 cujus
504 3429 608 3471 manns
623 3398 714 3492 impia
729 3408 830 3492 possit

146 3503 296 3589 Respergi
309 3519 419 3583 nestro,
434 3524 535 3588 sparsa
553 3524 662 3568 cruore,
671 3504 734 3566 viri.
