<?xml version="1.0" encoding="UTF-8"?>
<!DOCTYPE html PUBLIC "-//W3C//DTD XHTML 1.0 Transitional//EN"
    "http://www.w3.org/TR/xhtml1/DTD/xhtml1-transitional.dtd">
<html xmlns="http://www.w3.org/1999/xhtml" xml:lang="en" lang="en">
 <head>
  <title>
</title>
<meta http-equiv="Content-Type" content="text/html;charset=utf-8" />
  <meta name='ocr-system' content='tesseract 3.04.00' />
  <meta name='ocr-capabilities' content='ocr_page ocr_carea ocr_par ocr_line ocrx_word'/>
</head>
<body>
  <div class='ocr_page' id='page_1' title='image "./excerptaexscrip00goulgoog_0167.png"; bbox 0 0 2348 4102; ppageno 0'>
   <div class='ocr_carea' id='block_1_1' title="bbox 99 333 667 426">
    <p class='ocr_par' dir='ltr' id='par_1_1' title="bbox 99 333 667 426">
     <span class='ocr_line' id='line_1_1' title="bbox 99 333 667 426; baseline 0 -2"><span class='ocrx_word' id='word_1_1' title='bbox 99 365 161 426; x_wconf 79' lang='grc'>154</span> <span class='ocrx_word' id='word_1_2' title='bbox 484 333 667 425; x_wconf 74' lang='grc' dir='ltr'>ΗΕΒΟΙΒΕΕ</span> 
     </span>
    </p>
   </div>
   <div class='ocr_carea' id='block_1_2' title="bbox 95 522 990 3587">
    <p class='ocr_par' dir='ltr' id='par_1_2' title="bbox 95 522 908 702">
     <span class='ocr_line' id='line_1_2' title="bbox 95 522 908 607; baseline 0 -21"><span class='ocrx_word' id='word_1_3' title='bbox 95 523 197 607; x_wconf 81' lang='lat' dir='ltr'>Atque</span> <span class='ocrx_word' id='word_1_4' title='bbox 213 522 315 606; x_wconf 89' lang='lat' dir='ltr'>aliquis</span> <span class='ocrx_word' id='word_1_5' title='bbox 330 522 427 606; x_wconf 68' lang='lat' dir='ltr'>posita</span> <span class='ocrx_word' id='word_1_6' title='bbox 439 536 580 586; x_wconf 88' lang='lat' dir='ltr'>monstrat</span> <span class='ocrx_word' id='word_1_7' title='bbox 595 522 655 584; x_wconf 88' lang='lat' dir='ltr'>sera</span> <span class='ocrx_word' id='word_1_8' title='bbox 671 522 770 606; x_wconf 80' lang='lat' dir='ltr'>prelia</span> <span class='ocrx_word' id='word_1_9' title='bbox 784 522 891 586; x_wconf 68' lang='lat' dir='ltr'>mensa</span> <span class='ocrx_word' id='word_1_10' title='bbox 899 544 908 601; x_wconf 86' lang='lat'>3</span> 
     </span>
     <span class='ocr_line' id='line_1_3' title="bbox 138 618 751 702; baseline 0 -21"><span class='ocrx_word' id='word_1_11' title='bbox 138 618 238 700; x_wconf 85' lang='lat' dir='ltr'><strong>Pingit</strong></span> <span class='ocrx_word' id='word_1_12' title='bbox 253 633 283 682; x_wconf 92' lang='lat' dir='ltr'>et</span> <span class='ocrx_word' id='word_1_13' title='bbox 298 619 408 701; x_wconf 86' lang='lat' dir='ltr'>exiguo</span> <span class='ocrx_word' id='word_1_14' title='bbox 422 618 570 701; x_wconf 84' lang='lat' dir='ltr'>Pergama</span> <span class='ocrx_word' id='word_1_15' title='bbox 584 632 646 681; x_wconf 88' lang='lat' dir='ltr'>tota</span> <span class='ocrx_word' id='word_1_16' title='bbox 659 639 751 702; x_wconf 83' lang='lat' dir='ltr'>merp.</span> 
     </span>
    </p>

    <p class='ocr_par' dir='ltr' id='par_1_3' title="bbox 96 713 751 797">
     <span class='ocr_line' id='line_1_4' title="bbox 96 713 751 797; baseline -0.003 -19"><span class='ocrx_word' id='word_1_17' title='bbox 96 713 182 778; x_wconf 71' lang='lat' dir='ltr'>‘Hac</span> <span class='ocrx_word' id='word_1_18' title='bbox 197 716 257 778; x_wconf 89' lang='lat' dir='ltr'>ibat</span> <span class='ocrx_word' id='word_1_19' title='bbox 272 715 391 791; x_wconf 89' lang='lat' dir='ltr'>Simois,</span> <span class='ocrx_word' id='word_1_20' title='bbox 406 715 455 778; x_wconf 86' lang='lat' dir='ltr'>hic</span> <span class='ocrx_word' id='word_1_21' title='bbox 470 729 514 778; x_wconf 88' lang='lat' dir='ltr'>est</span> <span class='ocrx_word' id='word_1_22' title='bbox 530 715 630 797; x_wconf 85' lang='lat' dir='ltr'>Sigeia</span> <span class='ocrx_word' id='word_1_23' title='bbox 645 715 751 791; x_wconf 84' lang='lat' dir='ltr'>tellus3</span> 
     </span>
    </p>

    <p class='ocr_par' dir='ltr' id='par_1_4' title="bbox 117 806 764 894">
     <span class='ocr_line' id='line_1_5' title="bbox 117 806 764 894; baseline -0.002 -21"><span class='ocrx_word' id='word_1_24' title='bbox 117 835 118 838; x_wconf 44' lang='lat'>¹</span> <span class='ocrx_word' id='word_1_25' title='bbox 138 810 198 874; x_wconf 89' lang='lat' dir='ltr'>Hic</span> <span class='ocrx_word' id='word_1_26' title='bbox 214 825 334 874; x_wconf 90' lang='lat' dir='ltr'>steterat</span> <span class='ocrx_word' id='word_1_27' title='bbox 348 811 459 873; x_wconf 88' lang='lat' dir='ltr'>Priami</span> <span class='ocrx_word' id='word_1_28' title='bbox 472 811 553 894; x_wconf 82' lang='lat' dir='ltr'>regia</span> <span class='ocrx_word' id='word_1_29' title='bbox 566 811 646 874; x_wconf 90' lang='lat' dir='ltr'>celsa</span> <span class='ocrx_word' id='word_1_30' title='bbox 659 811 747 872; x_wconf 91' lang='lat' dir='ltr'>senis.</span> <span class='ocrx_word' id='word_1_31' title='bbox 762 806 764 808; x_wconf 54' lang='grc'>’</span> 
     </span>
    </p>

    <p class='ocr_par' dir='ltr' id='par_1_5' title="bbox 95 905 827 1086">
     <span class='ocr_line' id='line_1_6' title="bbox 95 905 717 988; baseline 0.005 -20"><span class='ocrx_word' id='word_1_32' title='bbox 95 906 160 969; x_wconf 89' lang='lat' dir='ltr'>Illic</span> <span class='ocrx_word' id='word_1_33' title='bbox 175 906 327 985; x_wconf 86' lang='lat' dir='ltr'>AEacides,</span> <span class='ocrx_word' id='word_1_34' title='bbox 341 907 401 970; x_wconf 85' lang='lat' dir='ltr'>illic</span> <span class='ocrx_word' id='word_1_35' title='bbox 416 907 557 969; x_wconf 86' lang='lat' dir='ltr'>tendebat</span> <span class='ocrx_word' id='word_1_36' title='bbox 571 905 717 988; x_wconf 79' lang='lat' dir='ltr'>Ulysses:</span> 
     </span>
     <span class='ocr_line' id='line_1_7' title="bbox 139 1002 827 1086; baseline -0.001 -21"><span class='ocrx_word' id='word_1_37' title='bbox 139 1002 199 1067; x_wconf 88' lang='lat' dir='ltr'>Hic</span> <span class='ocrx_word' id='word_1_38' title='bbox 214 1004 294 1066; x_wconf 90' lang='lat' dir='ltr'>lacer</span> <span class='ocrx_word' id='word_1_39' title='bbox 308 1005 449 1066; x_wconf 89' lang='lat' dir='ltr'>admissos</span> <span class='ocrx_word' id='word_1_40' title='bbox 464 1004 566 1066; x_wconf 88' lang='lat' dir='ltr'>terruit</span> <span class='ocrx_word' id='word_1_41' title='bbox 582 1002 697 1066; x_wconf 87' lang='lat' dir='ltr'>Hector</span> <span class='ocrx_word' id='word_1_42' title='bbox 711 1002 827 1086; x_wconf 64' lang='lat' dir='ltr'>equos!</span> 
     </span>
    </p>

    <p class='ocr_par' dir='ltr' id='par_1_6' title="bbox 95 1098 843 1259">
     <span class='ocr_line' id='line_1_8' title="bbox 95 1098 843 1183; baseline 0.003 -23"><span class='ocrx_word' id='word_1_43' title='bbox 95 1098 208 1163; x_wconf 92' lang='lat' dir='ltr'>Omnia</span> <span class='ocrx_word' id='word_1_44' title='bbox 222 1122 350 1183; x_wconf 90' lang='lat' dir='ltr'>namque</span> <span class='ocrx_word' id='word_1_45' title='bbox 365 1115 417 1162; x_wconf 94' lang='lat' dir='ltr'>tuo</span> <span class='ocrx_word' id='word_1_46' title='bbox 432 1099 538 1175; x_wconf 88' lang='lat' dir='ltr'>senior,</span> <span class='ocrx_word' id='word_1_47' title='bbox 553 1113 583 1161; x_wconf 90' lang='lat' dir='ltr'>te</span> <span class='ocrx_word' id='word_1_48' title='bbox 600 1119 728 1182; x_wconf 88' lang='lat' dir='ltr'>quaercre</span> <span class='ocrx_word' id='word_1_49' title='bbox 744 1099 843 1176; x_wconf 83' lang='lat' dir='ltr'>misso,</span> 
     </span>
     <span class='ocr_line' id='line_1_9' title="bbox 139 1194 734 1259; baseline 0 -3"><span class='ocrx_word' id='word_1_50' title='bbox 139 1194 296 1258; x_wconf 88' lang='lat' dir='ltr'>Retulerat</span> <span class='ocrx_word' id='word_1_51' title='bbox 310 1210 380 1259; x_wconf 92' lang='lat' dir='ltr'>nato</span> <span class='ocrx_word' id='word_1_52' title='bbox 395 1195 521 1258; x_wconf 88' lang='lat' dir='ltr'>Nestor:</span> <span class='ocrx_word' id='word_1_53' title='bbox 544 1208 574 1257; x_wconf 88' lang='lat' dir='ltr'>at</span> <span class='ocrx_word' id='word_1_54' title='bbox 588 1195 637 1256; x_wconf 92' lang='lat' dir='ltr'>ille</span> <span class='ocrx_word' id='word_1_55' title='bbox 651 1194 734 1256; x_wconf 93' lang='lat' dir='ltr'>mihi.</span> 
     </span>
    </p>

    <p class='ocr_par' dir='ltr' id='par_1_7' title="bbox 96 1290 872 1472">
     <span class='ocr_line' id='line_1_10' title="bbox 96 1290 872 1373; baseline 0.001 -21"><span class='ocrx_word' id='word_1_56' title='bbox 96 1290 214 1353; x_wconf 87' lang='lat' dir='ltr'>Retulit</span> <span class='ocrx_word' id='word_1_57' title='bbox 229 1304 260 1353; x_wconf 91' lang='lat' dir='ltr'>et</span> <span class='ocrx_word' id='word_1_58' title='bbox 274 1290 350 1353; x_wconf 86' lang='lat' dir='ltr'>serre</span> <span class='ocrx_word' id='word_1_59' title='bbox 364 1290 561 1373; x_wconf 89' lang='lat' dir='ltr'>Rhesumque</span> <span class='ocrx_word' id='word_1_60' title='bbox 576 1290 755 1373; x_wconf 87' lang='lat' dir='ltr'>Dolonaque</span> <span class='ocrx_word' id='word_1_61' title='bbox 769 1311 872 1368; x_wconf 80' lang='lat' dir='ltr'>caesos,</span> 
     </span>
     <span class='ocr_line' id='line_1_11' title="bbox 138 1386 790 1472; baseline 0 -22"><span class='ocrx_word' id='word_1_62' title='bbox 138 1386 242 1471; x_wconf 93' lang='lat' dir='ltr'>thue</span> <span class='ocrx_word' id='word_1_63' title='bbox 257 1389 294 1451; x_wconf 90' lang='lat' dir='ltr'>sit</span> <span class='ocrx_word' id='word_1_64' title='bbox 308 1389 356 1451; x_wconf 92' lang='lat' dir='ltr'>hic</span> <span class='ocrx_word' id='word_1_65' title='bbox 370 1410 474 1451; x_wconf 92' lang='lat' dir='ltr'>somno</span> <span class='ocrx_word' id='word_1_66' title='bbox 489 1388 631 1472; x_wconf 88' lang='lat' dir='ltr'>proditus,</span> <span class='ocrx_word' id='word_1_67' title='bbox 646 1389 695 1451; x_wconf 94' lang='lat' dir='ltr'>ille</span> <span class='ocrx_word' id='word_1_68' title='bbox 711 1389 790 1451; x_wconf 93' lang='lat' dir='ltr'>dolo.</span> 
     </span>
    </p>

    <p class='ocr_par' dir='ltr' id='par_1_8' title="bbox 96 1485 868 1664">
     <span class='ocr_line' id='line_1_12' title="bbox 96 1485 868 1569; baseline 0.001 -22"><span class='ocrx_word' id='word_1_69' title='bbox 96 1485 197 1548; x_wconf 80' lang='lat' dir='ltr'>Ausus</span> <span class='ocrx_word' id='word_1_70' title='bbox 212 1506 255 1562; x_wconf 87' lang='lat' dir='ltr'>es,</span> <span class='ocrx_word' id='word_1_71' title='bbox 270 1505 289 1547; x_wconf 95' lang='lat' dir='ltr'>o</span> <span class='ocrx_word' id='word_1_72' title='bbox 303 1485 424 1548; x_wconf 83' lang='lat' dir='ltr'>nimilrm</span> <span class='ocrx_word' id='word_1_73' title='bbox 439 1485 621 1569; x_wconf 75' lang='lat' dir='ltr'>nimiumque</span> <span class='ocrx_word' id='word_1_74' title='bbox 635 1486 725 1547; x_wconf 86' lang='lat' dir='ltr'>oblite</span> <span class='ocrx_word' id='word_1_75' title='bbox 740 1498 868 1563; x_wconf 89' lang='lat' dir='ltr'>tuorum,</span> 
     </span>
     <span class='ocr_line' id='line_1_13' title="bbox 138 1581 774 1664; baseline -0.002 -20"><span class='ocrx_word' id='word_1_76' title='bbox 138 1581 268 1645; x_wconf 89' lang='lat' dir='ltr'>Thracia</span> <span class='ocrx_word' id='word_1_77' title='bbox 282 1595 426 1645; x_wconf 90' lang='lat' dir='ltr'>nocturno</span> <span class='ocrx_word' id='word_1_78' title='bbox 440 1595 561 1664; x_wconf 86' lang='lat' dir='ltr'>tangere</span> <span class='ocrx_word' id='word_1_79' title='bbox 574 1596 671 1645; x_wconf 86' lang='lat' dir='ltr'>castra</span> <span class='ocrx_word' id='word_1_80' title='bbox 685 1581 753 1644; x_wconf 94' lang='lat' dir='ltr'>dolo</span> <span class='ocrx_word' id='word_1_81' title='bbox 765 1603 774 1659; x_wconf 91' lang='lat'>;</span> 
     </span>
    </p>

    <p class='ocr_par' dir='ltr' id='par_1_9' title="bbox 96 1676 835 1850">
     <span class='ocr_line' id='line_1_14' title="bbox 96 1676 835 1762; baseline 0.001 -23"><span class='ocrx_word' id='word_1_82' title='bbox 96 1676 217 1762; x_wconf 89' lang='lat' dir='ltr'>Totque</span> <span class='ocrx_word' id='word_1_83' title='bbox 232 1678 319 1740; x_wconf 89' lang='lat' dir='ltr'>simul</span> <span class='ocrx_word' id='word_1_84' title='bbox 333 1691 462 1741; x_wconf 87' lang='lat' dir='ltr'>mactare</span> <span class='ocrx_word' id='word_1_85' title='bbox 479 1678 565 1755; x_wconf 85' lang='lat' dir='ltr'>viros,</span> <span class='ocrx_word' id='word_1_86' title='bbox 581 1677 698 1762; x_wconf 88' lang='lat' dir='ltr'>adjutus</span> <span class='ocrx_word' id='word_1_87' title='bbox 713 1679 750 1740; x_wconf 88' lang='lat' dir='ltr'>ab</span> <span class='ocrx_word' id='word_1_88' title='bbox 764 1699 835 1741; x_wconf 93' lang='lat' dir='ltr'>uno.</span> 
     </span>
     <span class='ocr_line' id='line_1_15' title="bbox 139 1773 824 1850; baseline 0.001 -16"><span class='ocrx_word' id='word_1_89' title='bbox 139 1773 274 1836; x_wconf 76' lang='lat' dir='ltr'>Athene</span> <span class='ocrx_word' id='word_1_90' title='bbox 288 1788 392 1837; x_wconf 89' lang='lat' dir='ltr'>cautus</span> <span class='ocrx_word' id='word_1_91' title='bbox 406 1793 481 1850; x_wconf 86' lang='lat' dir='ltr'>eras,</span> <span class='ocrx_word' id='word_1_92' title='bbox 497 1787 527 1848; x_wconf 87' lang='lat' dir='ltr'>et</span> <span class='ocrx_word' id='word_1_93' title='bbox 541 1774 738 1835; x_wconf 75' lang='lat' dir='ltr'>memorante</span> <span class='ocrx_word' id='word_1_94' title='bbox 754 1775 824 1836; x_wconf 90' lang='lat' dir='ltr'>mei.</span> 
     </span>
    </p>

    <p class='ocr_par' dir='ltr' id='par_1_10' title="bbox 97 1867 902 2050">
     <span class='ocr_line' id='line_1_16' title="bbox 97 1867 902 1953; baseline 0 -20"><span class='ocrx_word' id='word_1_95' title='bbox 97 1867 201 1953; x_wconf 91' lang='lat' dir='ltr'>Usque</span> <span class='ocrx_word' id='word_1_96' title='bbox 216 1883 298 1933; x_wconf 90' lang='lat' dir='ltr'>metu</span> <span class='ocrx_word' id='word_1_97' title='bbox 313 1870 444 1933; x_wconf 70' lang='lat' dir='ltr'>micuere</span> <span class='ocrx_word' id='word_1_98' title='bbox 458 1869 556 1948; x_wconf 86' lang='lat' dir='ltr'>sinus3</span> <span class='ocrx_word' id='word_1_99' title='bbox 579 1870 650 1933; x_wconf 91' lang='lat' dir='ltr'>dum</span> <span class='ocrx_word' id='word_1_100' title='bbox 664 1869 758 1932; x_wconf 87' lang='lat' dir='ltr'>victor</span> <span class='ocrx_word' id='word_1_101' title='bbox 773 1869 902 1933; x_wconf 86' lang='lat' dir='ltr'>amicum</span> 
     </span>
     <span class='ocr_line' id='line_1_17' title="bbox 140 1965 809 2050; baseline -0.003 -21"><span class='ocrx_word' id='word_1_102' title='bbox 140 1966 248 2029; x_wconf 88' lang='lat' dir='ltr'>Dictus</span> <span class='ocrx_word' id='word_1_103' title='bbox 263 1987 295 2028; x_wconf 90' lang='lat' dir='ltr'>es</span> <span class='ocrx_word' id='word_1_104' title='bbox 310 1965 437 2029; x_wconf 90' lang='lat' dir='ltr'>Ismariis</span> <span class='ocrx_word' id='word_1_105' title='bbox 451 1967 509 2029; x_wconf 84' lang='lat' dir='ltr'>isse</span> <span class='ocrx_word' id='word_1_106' title='bbox 525 1987 579 2050; x_wconf 91' lang='lat' dir='ltr'>per</span> <span class='ocrx_word' id='word_1_107' title='bbox 593 1987 700 2049; x_wconf 83' lang='lat' dir='ltr'>agmen</span> <span class='ocrx_word' id='word_1_108' title='bbox 715 1967 809 2050; x_wconf 88' lang='lat' dir='ltr'>equis.</span> 
     </span>
    </p>

    <p class='ocr_par' dir='ltr' id='par_1_11' title="bbox 96 2061 897 2626">
     <span class='ocr_line' id='line_1_18' title="bbox 97 2061 848 2145; baseline 0 -21"><span class='ocrx_word' id='word_1_109' title='bbox 97 2062 158 2125; x_wconf 90' lang='lat' dir='ltr'>Sed</span> <span class='ocrx_word' id='word_1_110' title='bbox 173 2062 245 2124; x_wconf 92' lang='lat' dir='ltr'>mihi</span> <span class='ocrx_word' id='word_1_111' title='bbox 261 2062 330 2145; x_wconf 92' lang='lat' dir='ltr'>quid</span> <span class='ocrx_word' id='word_1_112' title='bbox 345 2063 465 2145; x_wconf 88' lang='lat' dir='ltr'>prodest</span> <span class='ocrx_word' id='word_1_113' title='bbox 479 2062 581 2125; x_wconf 85' lang='lat' dir='ltr'>vestris</span> <span class='ocrx_word' id='word_1_114' title='bbox 597 2062 720 2145; x_wconf 89' lang='lat' dir='ltr'>disjecta</span> <span class='ocrx_word' id='word_1_115' title='bbox 733 2061 848 2125; x_wconf 88' lang='lat' dir='ltr'>lacertis</span> 
     </span>
     <span class='ocr_line' id='line_1_19' title="bbox 138 2156 794 2238; baseline 0 -19"><span class='ocrx_word' id='word_1_116' title='bbox 138 2157 230 2220; x_wconf 85' lang='lat' dir='ltr'>Ilios?</span> <span class='ocrx_word' id='word_1_117' title='bbox 252 2169 292 2231; x_wconf 92' lang='lat' dir='ltr'>et,</span> <span class='ocrx_word' id='word_1_118' title='bbox 307 2177 407 2218; x_wconf 90' lang='lat' dir='ltr'>murus</span> <span class='ocrx_word' id='word_1_119' title='bbox 422 2157 502 2238; x_wconf 95' lang='lat' dir='ltr'>quod</span> <span class='ocrx_word' id='word_1_120' title='bbox 516 2156 569 2218; x_wconf 86' lang='lat' dir='ltr'>fuit</span> <span class='ocrx_word' id='word_1_121' title='bbox 583 2158 663 2234; x_wconf 76' lang='lat' dir='ltr'>ante,</span> <span class='ocrx_word' id='word_1_122' title='bbox 678 2158 794 2221; x_wconf 83' lang='lat' dir='ltr'>solum?</span> 
     </span>
     <span class='ocr_line' id='line_1_20' title="bbox 97 2249 806 2334; baseline 0 -18"><span class='ocrx_word' id='word_1_123' title='bbox 97 2253 130 2316; x_wconf 88' lang='lat' dir='ltr'>Si</span> <span class='ocrx_word' id='word_1_124' title='bbox 144 2272 261 2328; x_wconf 89' lang='lat' dir='ltr'>maneo,</span> <span class='ocrx_word' id='word_1_125' title='bbox 278 2252 370 2334; x_wconf 88' lang='lat' dir='ltr'>qualis</span> <span class='ocrx_word' id='word_1_126' title='bbox 384 2249 477 2333; x_wconf 74' lang='lat' dir='ltr'>Trojd</span> <span class='ocrx_word' id='word_1_127' title='bbox 493 2250 616 2313; x_wconf 83' lang='lat' dir='ltr'>durante</span> <span class='ocrx_word' id='word_1_128' title='bbox 630 2254 806 2329; x_wconf 85' lang='lat' dir='ltr'>manebarn3</span> 
     </span>
     <span class='ocr_line' id='line_1_21' title="bbox 141 2347 874 2431; baseline 0 -20"><span class='ocrx_word' id='word_1_129' title='bbox 141 2348 254 2431; x_wconf 87' lang='lat' dir='ltr'>Virque</span> <span class='ocrx_word' id='word_1_130' title='bbox 268 2347 351 2424; x_wconf 90' lang='lat' dir='ltr'>mihi,</span> <span class='ocrx_word' id='word_1_131' title='bbox 366 2347 489 2431; x_wconf 87' lang='lat' dir='ltr'>dempto</span> <span class='ocrx_word' id='word_1_132' title='bbox 501 2347 560 2410; x_wconf 88' lang='lat' dir='ltr'>fine</span> <span class='ocrx_word' id='word_1_133' title='bbox 575 2349 730 2426; x_wconf 88' lang='lat' dir='ltr'>carendus,</span> <span class='ocrx_word' id='word_1_134' title='bbox 745 2349 837 2411; x_wconf 81' lang='lat' dir='ltr'>abes?</span> <span class='ocrx_word' id='word_1_135' title='bbox 854 2372 874 2404; x_wconf 84' lang='lat'>·.</span> 
     </span>
     <span class='ocr_line' id='line_1_22' title="bbox 96 2444 897 2533; baseline -0.002 -23"><span class='ocrx_word' id='word_1_136' title='bbox 96 2445 204 2510; x_wconf 84' lang='lat' dir='ltr'>Diruta</span> <span class='ocrx_word' id='word_1_137' title='bbox 218 2459 285 2508; x_wconf 92' lang='lat' dir='ltr'>sunt</span> <span class='ocrx_word' id='word_1_138' title='bbox 299 2445 372 2524; x_wconf 88' lang='lat' dir='ltr'>aliis,</span> <span class='ocrx_word' id='word_1_139' title='bbox 387 2445 438 2507; x_wconf 91' lang='lat' dir='ltr'>uni</span> <span class='ocrx_word' id='word_1_140' title='bbox 453 2445 525 2507; x_wconf 91' lang='lat' dir='ltr'>mihi</span> <span class='ocrx_word' id='word_1_141' title='bbox 539 2444 688 2527; x_wconf 82' lang='lat' dir='ltr'>Pergama</span> <span class='ocrx_word' id='word_1_142' title='bbox 701 2459 829 2521; x_wconf 84' lang='lat' dir='ltr'>restant3</span> <span class='ocrx_word' id='word_1_143' title='bbox 895 2531 897 2533; x_wconf 12' lang='grc' dir='ltr'><strong><em>ι</em></strong></span> 
     </span>
     <span class='ocr_line' id='line_1_23' title="bbox 139 2541 740 2626; baseline -0.002 -21"><span class='ocrx_word' id='word_1_144' title='bbox 139 2543 240 2606; x_wconf 88' lang='lat' dir='ltr'>Incola</span> <span class='ocrx_word' id='word_1_145' title='bbox 254 2543 374 2624; x_wconf 87' lang='lat' dir='ltr'>captivo</span> <span class='ocrx_word' id='word_1_146' title='bbox 389 2563 453 2626; x_wconf 78' lang='lat' dir='ltr'>que</span> <span class='ocrx_word' id='word_1_147' title='bbox 467 2542 546 2604; x_wconf 90' lang='lat' dir='ltr'>bove</span> <span class='ocrx_word' id='word_1_148' title='bbox 563 2541 654 2604; x_wconf 88' lang='lat' dir='ltr'>victor</span> <span class='ocrx_word' id='word_1_149' title='bbox 668 2555 740 2604; x_wconf 87' lang='lat' dir='ltr'>arat.</span> 
     </span>
    </p>

    <p class='ocr_par' dir='ltr' id='par_1_12' title="bbox 96 2635 896 2813">
     <span class='ocr_line' id='line_1_24' title="bbox 96 2635 896 2720; baseline 0.003 -21"><span class='ocrx_word' id='word_1_150' title='bbox 96 2638 165 2699; x_wconf 88' lang='lat' dir='ltr'>Jam</span> <span class='ocrx_word' id='word_1_151' title='bbox 180 2658 264 2717; x_wconf 85' lang='lat' dir='ltr'>seges</span> <span class='ocrx_word' id='word_1_152' title='bbox 279 2650 325 2699; x_wconf 90' lang='lat' dir='ltr'>est</span> <span class='ocrx_word' id='word_1_153' title='bbox 338 2637 389 2697; x_wconf 92' lang='lat' dir='ltr'>ubi</span> <span class='ocrx_word' id='word_1_154' title='bbox 403 2635 496 2718; x_wconf 84' lang='lat' dir='ltr'>Troja</span> <span class='ocrx_word' id='word_1_155' title='bbox 510 2635 573 2712; x_wconf 81' lang='lat' dir='ltr'>luit,</span> <span class='ocrx_word' id='word_1_156' title='bbox 589 2638 806 2720; x_wconf 88' lang='lat' dir='ltr'>resecandaque</span> <span class='ocrx_word' id='word_1_157' title='bbox 821 2636 896 2701; x_wconf 88' lang='lat' dir='ltr'>salce</span> 
     </span>
     <span class='ocr_line' id='line_1_25' title="bbox 139 2730 851 2813; baseline 0.001 -19"><span class='ocrx_word' id='word_1_158' title='bbox 139 2732 286 2794; x_wconf 87' lang='lat' dir='ltr'>Luxuriat</span> <span class='ocrx_word' id='word_1_159' title='bbox 299 2730 432 2812; x_wconf 88' lang='lat' dir='ltr'>Phrygio</span> <span class='ocrx_word' id='word_1_160' title='bbox 446 2730 587 2811; x_wconf 84' lang='lat' dir='ltr'>sanguine</span> <span class='ocrx_word' id='word_1_161' title='bbox 602 2732 718 2813; x_wconf 86' lang='lat' dir='ltr'>pinguis</span> <span class='ocrx_word' id='word_1_162' title='bbox 733 2733 851 2796; x_wconf 93' lang='lat' dir='ltr'>humus.</span> 
     </span>
    </p>

    <p class='ocr_par' dir='ltr' id='par_1_13' title="bbox 97 2824 786 2988">
     <span class='ocr_line' id='line_1_26' title="bbox 97 2824 786 2911; baseline 0 -21"><span class='ocrx_word' id='word_1_163' title='bbox 97 2827 297 2911; x_wconf 86' lang='lat' dir='ltr'>Semisepulta</span> <span class='ocrx_word' id='word_1_164' title='bbox 311 2826 406 2890; x_wconf 79' lang='lat' dir='ltr'>virfim</span> <span class='ocrx_word' id='word_1_165' title='bbox 420 2827 517 2890; x_wconf 88' lang='lat' dir='ltr'>curvis</span> <span class='ocrx_word' id='word_1_166' title='bbox 532 2824 674 2888; x_wconf 84' lang='lat' dir='ltr'>feriuntur</span> <span class='ocrx_word' id='word_1_167' title='bbox 687 2828 786 2890; x_wconf 86' lang='lat' dir='ltr'>aratris</span> 
     </span>
     <span class='ocr_line' id='line_1_27' title="bbox 138 2924 748 2988; baseline -0.003 0"><span class='ocrx_word' id='word_1_168' title='bbox 138 2924 236 2988; x_wconf 91' lang='lat' dir='ltr'>Ossa:</span> <span class='ocrx_word' id='word_1_169' title='bbox 259 2926 389 2987; x_wconf 89' lang='lat' dir='ltr'>ruinosas</span> <span class='ocrx_word' id='word_1_170' title='bbox 404 2924 514 2988; x_wconf 90' lang='lat' dir='ltr'>occulit</span> <span class='ocrx_word' id='word_1_171' title='bbox 529 2924 619 2987; x_wconf 88' lang='lat' dir='ltr'>herba</span> <span class='ocrx_word' id='word_1_172' title='bbox 634 2924 748 2987; x_wconf 89' lang='lat' dir='ltr'>domos.</span> 
     </span>
    </p>

    <p class='ocr_par' dir='ltr' id='par_1_14' title="bbox 97 3020 909 3199">
     <span class='ocr_line' id='line_1_28' title="bbox 97 3020 909 3104; baseline -0.001 -21"><span class='ocrx_word' id='word_1_173' title='bbox 97 3020 201 3084; x_wconf 89' lang='lat' dir='ltr'>Victor</span> <span class='ocrx_word' id='word_1_174' title='bbox 217 3022 305 3097; x_wconf 84' lang='lat' dir='ltr'>abes3</span> <span class='ocrx_word' id='word_1_175' title='bbox 327 3042 383 3083; x_wconf 93' lang='lat' dir='ltr'>nec</span> <span class='ocrx_word' id='word_1_176' title='bbox 397 3022 470 3083; x_wconf 90' lang='lat' dir='ltr'>scire</span> <span class='ocrx_word' id='word_1_177' title='bbox 485 3021 568 3098; x_wconf 89' lang='lat' dir='ltr'>mihi,</span> <span class='ocrx_word' id='word_1_178' title='bbox 585 3042 648 3104; x_wconf 82' lang='lat' dir='ltr'>quae</span> <span class='ocrx_word' id='word_1_179' title='bbox 663 3042 752 3084; x_wconf 87' lang='lat' dir='ltr'>causa</span> <span class='ocrx_word' id='word_1_180' title='bbox 765 3021 909 3098; x_wconf 90' lang='lat' dir='ltr'>morandi,</span> 
     </span>
     <span class='ocr_line' id='line_1_29' title="bbox 138 3111 742 3199; baseline 0.002 -21"><span class='ocrx_word' id='word_1_181' title='bbox 138 3117 202 3179; x_wconf 89' lang='lat' dir='ltr'>Aut</span> <span class='ocrx_word' id='word_1_182' title='bbox 216 3118 246 3178; x_wconf 93' lang='lat' dir='ltr'>in</span> <span class='ocrx_word' id='word_1_183' title='bbox 262 3138 320 3199; x_wconf 94' lang='lat' dir='ltr'>quo</span> <span class='ocrx_word' id='word_1_184' title='bbox 335 3118 426 3178; x_wconf 91' lang='lat' dir='ltr'>lateas</span> <span class='ocrx_word' id='word_1_185' title='bbox 442 3111 551 3178; x_wconf 81' lang='lat' dir='ltr'>ferreus</span> <span class='ocrx_word' id='word_1_186' title='bbox 566 3117 648 3193; x_wconf 87' lang='lat' dir='ltr'>orbe,</span> <span class='ocrx_word' id='word_1_187' title='bbox 662 3118 742 3179; x_wconf 88' lang='lat' dir='ltr'>licet.</span> 
     </span>
    </p>

    <p class='ocr_par' dir='ltr' id='par_1_15' title="bbox 96 3211 934 3390">
     <span class='ocr_line' id='line_1_30' title="bbox 96 3211 934 3298; baseline 0.001 -23"><span class='ocrx_word' id='word_1_188' title='bbox 96 3212 240 3296; x_wconf 81' lang='lat' dir='ltr'>Quisquis</span> <span class='ocrx_word' id='word_1_189' title='bbox 256 3212 292 3274; x_wconf 90' lang='lat' dir='ltr'>ad</span> <span class='ocrx_word' id='word_1_190' title='bbox 307 3213 370 3274; x_wconf 83' lang='lat' dir='ltr'>haec</span> <span class='ocrx_word' id='word_1_191' title='bbox 386 3211 473 3273; x_wconf 88' lang='lat' dir='ltr'>vertit</span> <span class='ocrx_word' id='word_1_192' title='bbox 487 3213 672 3294; x_wconf 85' lang='lat' dir='ltr'>peregrinam</span> <span class='ocrx_word' id='word_1_193' title='bbox 687 3214 782 3275; x_wconf 88' lang='lat' dir='ltr'>littora</span> <span class='ocrx_word' id='word_1_194' title='bbox 797 3216 934 3298; x_wconf 89' lang='lat' dir='ltr'>puppim,</span> 
     </span>
     <span class='ocr_line' id='line_1_31' title="bbox 138 3308 700 3390; baseline -0.005 -17"><span class='ocrx_word' id='word_1_195' title='bbox 138 3311 192 3373; x_wconf 94' lang='lat' dir='ltr'>llle</span> <span class='ocrx_word' id='word_1_196' title='bbox 207 3310 280 3372; x_wconf 93' lang='lat' dir='ltr'>mihi</span> <span class='ocrx_word' id='word_1_197' title='bbox 295 3309 332 3371; x_wconf 89' lang='lat' dir='ltr'>de</span> <span class='ocrx_word' id='word_1_198' title='bbox 347 3321 377 3370; x_wconf 88' lang='lat' dir='ltr'>te</span> <span class='ocrx_word' id='word_1_199' title='bbox 392 3308 485 3371; x_wconf 89' lang='lat' dir='ltr'>multa</span> <span class='ocrx_word' id='word_1_200' title='bbox 498 3321 615 3390; x_wconf 84' lang='lat' dir='ltr'>rogatus</span> <span class='ocrx_word' id='word_1_201' title='bbox 630 3309 700 3371; x_wconf 87' lang='lat' dir='ltr'>abit.</span> 
     </span>
    </p>

    <p class='ocr_par' dir='ltr' id='par_1_16' title="bbox 96 3406 990 3587">
     <span class='ocr_line' id='line_1_32' title="bbox 96 3406 912 3490; baseline 0 -21"><span class='ocrx_word' id='word_1_202' title='bbox 96 3407 259 3490; x_wconf 83' lang='lat' dir='ltr'>Quamque</span> <span class='ocrx_word' id='word_1_203' title='bbox 273 3407 325 3469; x_wconf 92' lang='lat' dir='ltr'>tibi</span> <span class='ocrx_word' id='word_1_204' title='bbox 339 3406 454 3481; x_wconf 91' lang='lat' dir='ltr'>reddat,</span> <span class='ocrx_word' id='word_1_205' title='bbox 469 3406 494 3467; x_wconf 90' lang='lat' dir='ltr'>si</span> <span class='ocrx_word' id='word_1_206' title='bbox 508 3419 539 3468; x_wconf 91' lang='lat' dir='ltr'>te</span> <span class='ocrx_word' id='word_1_207' title='bbox 552 3406 642 3468; x_wconf 81' lang='lat' dir='ltr'>modd</span> <span class='ocrx_word' id='word_1_208' title='bbox 658 3406 763 3468; x_wconf 87' lang='lat' dir='ltr'>viderit</span> <span class='ocrx_word' id='word_1_209' title='bbox 776 3427 912 3490; x_wconf 88' lang='lat' dir='ltr'>usquam,</span> 
     </span>
     <span class='ocr_line' id='line_1_33' title="bbox 138 3502 990 3587; baseline 0 -21"><span class='ocrx_word' id='word_1_210' title='bbox 138 3503 278 3566; x_wconf 88' lang='lat' dir='ltr'>Traditur</span> <span class='ocrx_word' id='word_1_211' title='bbox 292 3503 361 3567; x_wconf 92' lang='lat' dir='ltr'>huic</span> <span class='ocrx_word' id='word_1_212' title='bbox 376 3502 472 3587; x_wconf 85' lang='lat' dir='ltr'>digitis</span> <span class='ocrx_word' id='word_1_213' title='bbox 486 3503 589 3567; x_wconf 83' lang='lat' dir='ltr'>charta</span> <span class='ocrx_word' id='word_1_214' title='bbox 602 3515 703 3567; x_wconf 85' lang='lat' dir='ltr'>notata</span> <span class='ocrx_word' id='word_1_215' title='bbox 716 3502 800 3567; x_wconf 88' lang='lat' dir='ltr'>meis.</span> <span class='ocrx_word' id='word_1_216' title='bbox 868 3574 870 3579; x_wconf 67' lang='lat'>,</span> <span class='ocrx_word' id='word_1_217' title='bbox 988 3509 990 3512; x_wconf 83' lang='grc'><strong>’</strong></span> 
     </span>
    </p>
   </div>
   <div class='ocr_carea' id='block_1_3' title="bbox 0 0 1182 4102">
    <p class='ocr_par' dir='ltr' id='par_1_17' title="bbox 0 0 1182 4102">
     <span class='ocr_line' id='line_1_34' title="bbox 0 0 1182 4102; baseline 0 0"><span class='ocrx_word' id='word_1_218' title='bbox 0 0 1182 4102; x_wconf 95' lang='lat' dir='ltr'> </span> 
     </span>
    </p>
   </div>
  </div>
 </body>
</html>
