2348 4102
102 373 146 436 88
383 432 390 443 ,
412 345 760 434 uerrucaruosaorr

101 525 301 610 Deseruitque
317 527 441 589 ducem:
463 530 592 612 coelique
606 530 745 612 cupidine
760 528 871 592 tractus

100 621 199 684 Altius
214 624 274 704 egit
289 624 353 684 iter.
398 622 509 705 Rapidi
524 625 631 687 vicinia
640 625 712 686 solis
780 644 783 650 ·
826 652 830 657 ’

99 714 199 779 Mollit
213 717 358 793 odoratas,
374 738 537 800 pennarum
552 720 680 796 vincula,
694 739 777 781 ceras

99 808 272 874 Tabuerant
285 834 376 875 cera:
400 813 494 875 nudos
511 815 602 895 quatit
617 815 665 876 illc
680 816 824 876 lacertos:

98 904 299 991 Remigioque
314 929 416 970 carens
431 930 495 970 non
504 910 578 970 ullas
592 910 717 991 percipit
732 931 827 973 auras,

99 997 221 1086 Oraque
235 1003 370 1079 cerulei,
387 1005 512 1085 patrium
527 1005 683 1065 clamantia
696 1026 817 1080 nomen,

99 1096 298 1180 Excipiuntur
312 1099 405 1180 aqui:
430 1120 493 1181 quae
508 1120 617 1160 nomen
632 1100 721 1162 traxit
736 1100 772 1161 ab
788 1101 848 1161 illo.

98 1193 141 1254 At
157 1208 241 1275 pater
254 1192 367 1269 infelix,
382 1216 438 1255 nec
449 1194 512 1277 jarn
526 1210 620 1277 pater,
636 1194 758 1271 ‘lcare,'
775 1196 860 1272 dixit,

99 1287 220 1364 ‘lcare‚’
237 1289 321 1362 dixit,
337 1289 405 1349 ‘ubi
420 1292 473 1350 es?
497 1289 556 1371 quir
570 1303 600 1350 te
614 1291 738 1370 regione·
749 1292 916 1374 requiram?

96 1382 201 1459 Icare,’
218 1384 352 1460 dicebat:
376 1404 489 1465 pennas
504 1385 641 1467 adspexit
655 1385 684 1446 in
698 1387 795 1462 undis,
942 1387 946 1396 '

97 1478 288 1563 Devovitque
303 1500 370 1541 suas
385 1493 478 1556 artes;
501 1502 666 1564 corpusque
681 1483 818 1563 sepulcro

97 1575 251 1654 Condidit,
265 1590 297 1638 et
310 1577 398 1638 tellus
412 1598 430 1638 a
444 1572 562 1639 nomine
578 1578 656 1639 dicta
670 1580 790 1661 sepulti.
835 1613 837 1616 v

140 1671 231 1734 Hunc
246 1673 344 1734 miseri
358 1673 472 1733 tumulo
487 1687 647 1753 ponentem
661 1695 786 1756 corpora
798 1675 860 1736 nati

97 1767 223 1829 Garrula
236 1768 352 1830 ramosi
367 1768 520 1850 prospexit
534 1769 573 1829 ab'
582 1769 652 1845 ilice
667 1770 783 1851 perdix,

97 1862 139 1927 Et
153 1865 261 1947 plausit
275 1864 388 1946 pennis,
404 1876 569 1946 testataque
584 1864 691 1945 gaudia
703 1878 791 1927 cantu
807 1881 870 1943 est3

96 1959 195 2023 Unica
209 1974 280 2023 tunc
296 1960 431 2036 volucris,
446 1978 502 2022 nec
518 1961 579 2022 visa
594 1961 736 2042 prioribus
751 1963 845 2038 annis,

97 2056 250 2140 Factaque
266 2078 360 2138 nuper
375 2057 447 2130 avis,
463 2058 583 2136 longum
598 2057 661 2132 tibi,
677 2057 811 2135 Daedale,
826 2059 948 2125 crimen.

97 2151 235 2233 Namque
250 2153 320 2212 huic
334 2151 502 2224 tradiderat,
518 2149 641 2211 fatorum
657 2152 768 2231 ignara,
783 2153 947 2217 docendam

96 2247 274 2327 Progeniem
289 2265 428 2325 germana
441 2265 536 2320 suam,
551 2245 694 2306 natalibus
709 2248 781 2309 actis

96 2341 150 2403 Bis
166 2363 290 2424 puerum
305 2340 497 2416 senis,·animi
511 2340 548 2402 ad
563 2355 711 2424 precepta
729 2345 857 2426 capacis

96 2437 151 2500 Ille
167 2438 255 2499 etiam
270 2437 368 2499 medio
382 2436 481 2520 spinas
496 2436 526 2498 in
541 2438 623 2521 pisce
637 2453 751 2501 notatas
887 2520 891 2527 Ι

96 2534 202 2596 Traxit
218 2535 247 2596 in
262 2534 451 2614 exemplum:
475 2532 610 2615 ferroque
625 2535 725 2595 incidit
740 2548 827 2597 acuto

96 2630 263 2711 Perpetuos
278 2630 399 2701 dentes;
422 2641 452 2688 et
467 2648 551 2689 serra
566 2629 675 2708 reperit
689 2651 787 2691 usum.

96 2723 214 2786 Primus
230 2736 259 2783 et
275 2743 314 2783 ex
330 2742 388 2782 uno
403 2720 462 2781 duo
476 2720 570 2782 ferrea
583 2722 703 2784 brachia
716 2725 796 2786 nodo

98 2818 221 2893 Vinxit;
244 2830 285 2893 ut,
298 2817 400 2899 aequali
412 2817 508 2900 spatio
518 2817 689 2879 distantibus
705 2819 770 2895 illis,

97 2916 200 2978 Altera
215 2936 281 2997 pars
296 2928 402 2991 staret3
424 2936 491 2996 pars
506 2915 597 2977 altera
611 2914 738 2976 duceret
747 2916 859 2978 orbem.

139 3012 279 3073 Daedalus
295 3012 415 3086 invidit3
437 3011 579 3094 sacrique
595 3033 634 3072 ex
649 3032 715 3073 arce
731 3011 874 3074 Minerva

96 3108 284 3189 Praecipitem
298 3106 396 3179 mittit,
411 3107 526 3187 lapsum
541 3093 690 3168 mentilus.
729 3109 778 3168 At
792 3110 885 3186 illum,

97 3203 175 3277 Qua
191 3203 270 3265 favet
285 3201 418 3282 ingeniis,
434 3202 554 3281 excepit
572 3200 688 3262 Pallas:
712 3222 857 3286 avemque

98 3299 252 3373 Reddidit,
268 3311 296 3359 et
311 3295 410 3358 medio
425 3295 533 3356 velavit
548 3295 578 3356 in
593 3298 660 3357 ae're
677 3298 791 3380 penniS.

99 3395 160 3458 Sed
175 3396 257 3475 vigor
270 3392 378 3474 ingenii
393 3390 541 3474 quondam
556 3391 665 3454 velocis
681 3393 710 3454 in
726 3394 796 3474 alas,

99 3489 192 3573 Inque
208 3490 301 3572 pedes
316 3489 402 3551 abiit:
415 3507 544 3563 nomen,
560 3488 638 3571 quod
653 3502 684 3553 et
699 3489 778 3566 ante,
792 3491 940 3554 remansit.

1030 819 1068 881 45

1033 1295 1071 1357 50
