2348 4102
433 392 608 446 actaeona
630 392 705 448 XIII.

77 532 136 600 His
145 555 209 618 ,ego
223 548 254 598 te
269 536 388 614 victam,
402 559 523 601 consors
538 538 649 601 Ledaea
664 540 808 620 gemellis,

120 633 280 716 Suspicor·
304 635 367 696 haec
384 634 498 696 Danais
513 657 601 718 posse
616 654 724 698 nocere
739 651 823 719 puto.

76 729 211 793 Hectora
224 731 325 792 nescio
342 752 431 813 quern
446 732 548 793 timeo.
593 732 677 793 Paris
697 731 831 795 Hectora
845 734 920 827 dixit

118 826 231 889 Ferrea
245 828 407 908 sanguinea
391 827 499 889 bella
513 849 634 890 movere
649 850 749 890 manu

77 922 219 1000 Hectora,
235 924 365 1007 quisquis
380 924 404 985 is
419 937 474 1000 est,
480 924 513 985 'si
528 945 593 986 sum
608 924 661 986 tibi
676 945 754 1001 cara,
770 939 886 989 caveto.

120 1019 275 1100 Signatum
289 1022 414 1082 memori
428 1033 550 1104 pectore
565 1041 676 1082 nomen
691 1021 780 1083 habe.

76 1113 169 1177 Hunc
184 1117 233 1177 ubi
248 1115 358 1192 vitaris,
375 1117 447 1178 alios
463 1118 555 1178 vitare
571 1129 724 1179 memento
736 1139 755 1195 :¹
798 1200 800 1202 v

63 1261 65 1265 .
120 1209 163 1272 Et
177 1212 286 1274 multos
301 1212 361 1274 illic
377 1211 524 1276 Hectoras
539 1233 605 1275 esse
620 1227 703 1295 puta.

76 1304 119 1368 Et
134 1305 222 1370 sacito
236 1308 333 1385 dicas,
343 1309 458 1392 quoties
473 1331 606 1392 pugnare
620 1310 747 1393 parabis,

119 1402 266 1467 ‘Parcere
281 1425 331 1465 me
342 1404 431 1486 jussit
443 1405 607 1466 Laodamia
622 1407 699 1468 sibi!

76 1498 110 1561 Si
125 1500 233 1562 cadere
250 1499 391 1580 Argolico
406 1499 449 1560 fas
465 1512 510 1560 est
524 1499 579 1560 sub
594 1501 685 1561 milite
701 1499 845 1584 Trojam3

117 1595 168 1658 Te
184 1616 304 1679 quoque
319 1616 377 1656 non
393 1581 487 1656 ullum
503 1595 610 1673 vulnus
625 1595 754 1659 habente
766 1595 864 1665 cadat.

75 1689 222 1774 Pugnet,
212 1704 255 1754 et
270 1691 408 1753 adversos
422 1691 525 1762 tendat
539 1668 721 1752 Menelaus
713 1713 742 1752 rn
750 1666 880 1754 bostes.

118 1787 164 1850 Ut
177 1787 272 1871 rapiat
286 1786 409 1863 Paridit,
425 1809 514 1870 quam
528 1785 631 1848 Paris
620 1787 697 1863 autb
712 1787 777 1850 sibi

76 1882 208 1960 lrrnat3
197 1897 245 1945 θῖ
260 1904 352 1945 causa
367 1904 456 1966 quern
471 1884 572 1958 vincit,
589 1884 687 1946 vincat
701 1888 732 1945 ’θῖ
747 1884 846 1946 armis
917 1889 918 1892 ’

119 1976 265 2073 HpItibus
279 2000 296 2041 θ
312 1979 431 2041 mediis
407 1984 532 2089 nupta
540 1979 713 2061 petenda
686 2000 748 2040 vno
763 1993 819 2041 est.

76 2075 179 2139 Causa
193 2089 244 2138 tua
258 2088 303 2138 est
318 2056 427 2185 dispar.
471 2073 695 2141 Tdtantnm
668 2097 767 2138 vrvere
782 2096 892 2160 pugna,

120 2171 262 2256 Inque'
233 2195 297 2256 pros
313 2158 438 2235 dominae
454 2193 541 2256 posse
556 2173 690 2235 redire
669 2194 759 2235 srnus.

77 2269 207 2346 Parcite,
224 2269 412 2344 Dardanidae,
428 2269 466 2330 de
481 2283 525 2331 tot
542 2269 676 2354 (precor)
694 2271 826 2334 hostibus
839 2271 909 2333 uni:

121 2365 170 2428 Ne
186 2387 270 2428 meus
285 2387 325 2427 ex
340 2365 390 2426 illo
404 2385 528 2446 corpore
543 2366 660 2445 sanguis
675 2379 734 2426 eat.
751 2370 754 2372 ’

78 2462 170 2525 Nunc
184 2463 277 2525 fateor
286 2483 294 2538 ;
317 2461 396 2524 volui
412 2481 570 2534 revocare3
593 2461 766 2543 animusque
782 2461 895 2526 ferebat
904 2484 913 2538 ;

10 2569 19 2576 ’
122 2560 258 2622 Substitit
273 2557 395 2641 auspicii
408 2557 509 2638 lingua
523 2557 627 2618 timore
643 2556 724 2618 mali}

79 2656 161 2719 Cum
177 2655 285 2718 foribus
301 2655 395 2717 velles
410 2654 447 2715 ad
461 2652 585 2738 Trojam
601 2654 683 2715 exire
698 2656 838 2736 paternis,

123 2752 183 2815 Pes
200 2766 267 2814 tuus
282 2752 397 2814 offenso
411 2750 512 2813 limine
527 2751 609 2832 signa
626 2751 717 2812 dedit.

79 2849 125 2912 Ut
140 2850 210 2925 vidi,
226 2861 258 2911 ut
272 2849 389 2930 gemu13
411 2848 561 2930 tacitoque
576 2847 605 2907 in
621 2858 741 2926 pectore
757 2845 835 2906 dixi:

124 2946 234 3027 ‘Signa
249 2945 393 3006 reversuri
409 2945 476 3019 sint,
491 2963 605 3024 precor,
620 2942 675 3002 ista
690 2939 765 3002 viri.'

81 3042 156 3105 Haec
170 3043 222 3105 tibi
238 3063 316 3103 nunc
331 3039 437 3116 resera,
452 3060 490 3100 ne
506 3039 543 3100 sis
560 3039 707 3100 animosus
723 3038 752 3100 in
767 3039 870 3101 armis:

123 3139 188 3202 Fac
204 3160 288 3200 meus
304 3139 332 3200 in
351 3151 454 3200 ventos
470 3136 519 3198 hic
533 3137 620 3199 timor
634 3137 729 3198 omnis
745 3148 804 3198 eat.

81 3237 153 3300 Sors
168 3257 286 3319 quoque
302 3235 403 3298 nescio
418 3255 507 3317 quern
524 3232 584 3296 fato
599 3234 732 3315 designat
747 3234 858 3317 iniquo,

125 3332 189 3407 Qui
206 3333 316 3415 primus
331 3331 471 3396 Danabm
485 3329 605 3393 Troada
620 3345 720 3412 tangat
735 3332 869 3393 humum.
898 3375 902 3382 -

81 3430 204 3507 Infelix,
220 3451 283 3513 quae
299 3429 392 3512 prima
408 3428 502 3489 virum
517 3428 629 3508 lugebit
642 3427 832 3510 ademptum!

126 3527 169 3591 Di
184 3526 303 3603 saciant,
318 3548 355 3588 ne
371 3539 403 3587 tu
419 3537 554 3587 strenuus
568 3545 633 3586 esse
649 3523 741 3586 velis!

327 3623 329 3627 ’
389 3625 429 3684 15
676 3633 680 3640 ·
