2348 4102
122 358 184 419 114
434 356 782 415 Mnrnmonrnosnort

119 509 219 575 Fama
230 524 323 586 tenet,
339 510 514 592 summique
530 510 652 571 domum
666 511 720 571 sibi
734 510 806 590 legit
820 510 849 571 in
865 529 951 572 aree:
1083 517 1107 576 5

118 605 351 688 innumerosque
366 607 471 681 aditui,
486 626 522 667 ao
536 605 616 667 mille
632 604 772 668 foramina
787 605 872 668 tectis

120 701 254 778 Addidit,
269 715 299 763 et
313 702 399 763 nullis
413 701 529 763 inclusit
543 701 644 762 limina
658 701 759 783 portis.

117 794 217 861 Nocte
232 799 338 881 dieque
354 810 468 881 patent.
513 796 593 858 Tota
607 800 652 858 e'st
667 816 707 857 ex
722 817 791 857 aure
806 797 940 858 sonanti:

117 891 198 955 Tota
211 893 325 956 fremit:
348 913 497 975 vocesque
512 890 619 953 refert:
642 893 787 974 iteratque
802 891 881 975 quod
896 892 990 955 audit.

117 986 209 1051 Nulla
224 990 306 1071 quies
321 988 408 1064 intus,
423 988 562 1070 nullique
577 987 692 1048 silentia
706 1001 800 1068 parte.
1060 995 1100 1053 10

116 1081 185 1146 Neo
200 1098 299 1146 tamen
314 1097 359 1144 est
371 1084 493 1159 clamor,
508 1081 560 1143 sed
575 1102 672 1164 pervae
687 1103 837 1144 murmure
852 1083 950 1144 vocis:

116 1177 228 1253 Qualia
243 1179 280 1240 de
295 1179 403 1260 pelagi,
418 1180 442 1240 si
458 1177 522 1260 quis
537 1178 639 1259 procul
655 1177 763 1253 audiat,
778 1177 863 1239 undis

116 1270 193 1335 Esse
207 1275 320 1334 solent:
343 1274 498 1354 qualemve
513 1293 629 1347 sonum,
643 1272 713 1333 cnm
727 1271 846 1354 Jupiter
859 1285 936 1335 atras

115 1365 266 1449 Increpuit
280 1368 384 1442 nubes,
400 1379 533 1428 extrema
548 1367 675 1428 tonitrua
689 1368 825 1429 reddunt.
923 1393 925 1398 ·

115 1463 201 1526 Atria
215 1464 300 1524 turba
313 1477 432 1524 tenent:
456 1463 577 1524 veniunt
591 1463 659 1524 leve
675 1463 790 1544 vulgus,
805 1474 954 1545 euntque:
1056 1467 1098 1526 15

115 1556 272 1641 Mixtaque
286 1580 356 1621 oum
371 1559 446 1620 veris
461 1558 574 1640 passim·
584 1572 754 1621 commenta
768 1571 912 1639 vagantur

114 1651 211 1716 Millia
224 1676 391 1716 rumorum:
414 1653 594 1735 oonfusaque
611 1654 699 1715 verba
715 1655 858 1715 volutant.
949 1695 953 1701 -

113 1747 144 1813 Ε
159 1751 265 1832 quibus
280 1750 310 1812 hi
324 1771 434 1810 vacuas
447 1749 571 1831 implent
585 1749 768 1810 sermonibus
783 1769 887 1810 aures:

114 1844 155 1908 Hi
172 1859 286 1909 narrata
300 1845 397 1907 ferunt
411 1845 485 1907 alio:
509 1856 705 1926 mensuraque
720 1844 779 1906 fieti

113 1939 250 2017 Crescit3
272 1957 302 2004 et
316 1941 421 2005 auditis
436 1941 544 2024 aliquid
559 1961 653 2002 novus
668 1939 766 2026 adjicit
781 1955 892 2003 auctor.
953 1956 957 1963 ·
1049 1945 1095 2006 20

112 2037 178 2101 lllio
194 2038 373 2114 Credulitas,
388 2037 447 2100 illio
461 2037 632 2099 temerarius
647 2036 747 2113 Error,

113 2131 260 2214 Vanaque
274 2133 390 2194 Laetitia
405 2144 459 2207 est,
473 2132 710 2213 consternatique
725 2132 873 2210 Timores,

111 2221 285 2309 Seditioque
299 2247 417 2308 repens,¹
431 2226 578 2308 dubioque
593 2239 711 2287 auctore
728 2225 855 2289 Susurri.

112 2320 182 2406 lpsa
196 2322 267 2404 quid
281 2322 310 2383 in
323 2323 402 2384 eoelo
416 2343 523 2398 rerum,
539 2322 704 2404 pelagoque
719 2336 845 2403 geretur,
946 2308 949 2315 ¹

112 2416 154 2481 Et
170 2418 284 2497 tellure,
300 2420 390 2496 videt,
405 2432 558 2502 totumque
573 2418 691 2502 inquirit
705 2420 735 2480 in
749 2420 862 2482 orbem.
1047 2421 1092 2482 25
