2348 4102
70 103 134 174 rao
165 65 168 74 ¹
468 105 659 165 annotans.

68 264 154 329 Pone
170 264 253 340 deos,
267 256 297 324 et
311 282 376 345 que
391 261 540 342 tangendo
553 282 636 324 sacra
650 258 801 343 pmfanas:
848 250 852 257 ’

110 359 181 422 Non
195 360 272 421 bene
280 358 424 431 ,coelestes
439 357 529 438 impia
543 357 648 418 dextra
662 357 742 418 colit.

67 455 101 519 Si
115 469 148 518 tu
162 456 257 518 cultor
271 475 335 517 eras
350 453 457 536 elapsis
471 454 538 534 igne
554 452 686 528 suturus;

110 550 243 614 Poenitet
258 550 374 632 elapsos
388 550 502 631 ignibus
518 569 583 610 esse
598 549 678 609 deos.

68 646 130 710 Sed
140 646 227 731 jubet
241 648 282 708 ire
299 647 382 708 deus.
428 644 548 709 Vellem
563 645 704 706 vetuisset
719 643 818 719 adire3

110 741 226 806 Punica
240 765 295 806 nec
310 743 435 804 Teucris
450 763 550 823 pressa
565 740 665 802 fuisset
680 741 799 801 humus.

68 837 137 902 Hoc
152 839 228 901 duce
246 839 369 924 (nempe
385 836 470 922 Deo)
487 838 581 899 ventis
597 836 712 917 agitaris
727 835 842 918 iniquis,

111 933 153 996 Et
167 935 236 996 teris
250 935 279 995 in
294 934 396 1016 rapido
410 947 542 1014 tempora
556 933 644 1013 longa
659 932 744 993 freto.

67 1027 215 1110 Pergama
229 1029 280 1089 vix
294 1042 375 1089 tanto
390 1028 441 1088 tibi
456 1040 539 1088 erant
552 1029 715 1110 repetenda
728 1027 841 1104 labore,

110 1121 243 1185 Hectore
258 1124 281 1184 si
297 1123 375 1199 vivo,
391 1136 500 1205 quanta
515 1122 608 1198 fuere,
624 1122 730 1185 forent.

67 1215 138 1282 Non
154 1221 280 1304 patrium
295 1219 447 1281 Simoenta
461 1219 556 1300 petis3
579 1218 632 1281 sed
646 1219 784 1281 'Iibridas
799 1219 905 1282 undas.

111 1314 242 1398 Nempe,
257 1328 290 1376 ut
306 1316 459 1397 pervenias
475 1314 534 1397 qub
548 1315 643 1397 cupiS,
658 1315 767 1396 hospes
782 1315 850 1378 eris.

66 1408 171 1494 thue
185 1413 267 1487 latet,
283 1411 413 1493 vitatque
427 1424 493 1471 tuas
508 1412 639 1471 abstrusa
653 1411 777 1486 carinas,
832 1464 835 1469 .

110 1505 173 1568 Vix
189 1508 240 1568 tibi
254 1507 405 1587 continget
419 1511 496 1567 terra
510 1508 602 1589 petita
616 1506 689 1567 seni.

67 1599 133 1665 Hos
149 1603 245 1687 potihs
261 1601 387 1685 populos
401 1602 431 1664 in
446 1602 556 1680 dotem,
572 1603 696 1683 ambage
710 1602 844 1679 remissa,

109 1699 244 1782 Accipe3
266 1712 296 1760 et
311 1699 449 1761 advectas
464 1698 665 1781 Pygmalionis
680 1720 766 1781 opes.

66 1792 140 1865 Ilion
156 1795 185 1855 in
199 1793 324 1876 Tyriam
338 1794 461 1855 transfer
476 1794 587 1856 feticius
602 1795 727 1855 urbem:

109 1888 267 1971 Hancque,
282 1890 380 1950 locum
394 1890 486 1968 regni,
502 1902 676 1972 sceptraque
691 1909 774 1952 sacra
787 1902 867 1952 tene.

67 1983 100 2046 Si
115 1985 167 2045 tibi
181 2005 265 2045 mens
281 1982 368 2044 avida
383 1996 428 2044 est
441 1984 522 2059 belli,
537 1985 561 2046 si
577 1985 678 2066 quaerit
693 1984 775 2048 I'ulus

108 2078 199 2143 Unde
214 2101 267 2141 suo
282 2092 381 2161 partus
396 2079 495 2142 Marte
510 2081 675 2163 triumphus
691 2095 739 2143 eat
748 2103 757 2157 ;

66 2173 170 2251 Quem
185 2190 315 2259 superet,
330 2196 368 2238 ne
385 2177 454 2259 quid
470 2177 555 2254 desit,
570 2177 763 2261 praebebimus
778 2177 905 2241 hostem.

109 2271 169 2335 Hic
184 2273 264 2354 pacis
278 2274 371 2353 legeS,
386 2273 434 2334 hio
448 2273 532 2334 locus
546 2292 626 2333 arma
639 2274 729 2354 capit.

65 2365 116 2428 Tu
132 2366 232 2441 modo,
247 2387 302 2447 per
316 2379 452 2442 matrem,
468 2367 652 2450 fraternaque
666 2369 736 2444 tela,
751 2370 881 2451 sagittae,

108 2460 229 2544 Perque
244 2460 318 2542 fuga
333 2462 466 2536 comites,
482 2461 622 2522 Dardana
638 2483 728 2539 sacra,
745 2464 835 2527 deos:

68 2556 134 2643 (Sic
149 2570 299 2639 superent,
315 2577 505 2640 quoscunque
520 2556 572 2619 tub
586 2557 624 2618 de
639 2572 728 2639 gente
743 2575 888 2643 reportas,

108 2650 191 2715 Mars
206 2653 283 2716 serus
298 2667 329 2716 et
344 2654 457 2716 damnis
472 2655 509 2716 sit
524 2655 627 2717 modus
642 2655 692 2717 ille
707 2659 775 2733 tuis,

67 2749 271 2832 Ascaniusque
286 2771 355 2811 suos
370 2748 493 2812 feliciter
507 2751 629 2834 impleat
640 2773 742 2828 annos,

110 2843 152 2906 Et
166 2846 243 2905 senis
257 2844 398 2906 Anchisa
412 2846 539 2908 molliter
553 2868 620 2908 ossa
634 2846 759 2932 cubent)

66 2938 162 3003 Parce
179 2961 282 3023 precor
297 2940 407 3016 domui,
424 2962 488 3023 quae
503 2963 535 3003 se
549 2943 602 3003 tibi
617 2943 702 3005 tradit
717 2943 894 3006 habendam.

110 3035 204 3111 Quod
218 3037 329 3098 crimen
344 3036 426 3113 dicis,
441 3050 546 3120 praeter
564 3038 689 3115 amisse,
706 3022 828 3103 meum?
858 3076 861 3082 ·

68 3132 97 3196 N
99 3155 137 3195 on
153 3154 209 3214 ego
223 3156 288 3195 sum
302 3132 439 3209 Phthias,
455 3133 625 3216 magnisque
640 3130 762 3196 oriunda
775 3135 935 3219 Mycenis·

110 3228 140 3290 N
142 3250 177 3291 ec
192 3243 334 3292 steterunt
348 3231 378 3291 in
392 3243 422 3291 te
438 3228 539 3311 virque
554 3244 696 3313 paterque
709 3251 806 3298 meus.
833 3262 844 3279 ·
875 3261 877 3263 ·
