2348 4102
134 373 196 437 148
444 381 792 434 maranoaauossou

285 668 398 715 sunus
427 666 536 713 CAESAR
556 668 592 712 tn
613 665 767 712 ΟΟΠἎΤΕΝ
789 664 950 715 mmm.

560 805 591 845 v.
602 782 677 846 746.

173 915 277 980 Caesar
289 918 319 979 iu
334 915 417 979 Urbe
432 914 487 978 auia
500 916 573 978 deus
588 929 649 978 est:
674 937 763 999 quem
777 914 878 979 Marte
892 917 1023 1004 rogique
1091 942 1098 949 ·

129 1013 331 1098 Praeoipunm,
348 1034 408 1076 non
422 1014 501 1075 bella
515 1011 608 1100 magis
622 1013 704 1074 finita
717 1014 883 1095 triumphis,
1044 1021 1106 1082 2⁰0

129 1110 254 1194 Resque
271 1111 350 1173 domi
364 1123 465 1192 gestae,
480 1122 695 1192 properataque
708 1110 800 1192 gloria
813 1131 912 1174 rerum

128 1207 165 1270 ln
179 1207 258 1269 sidus
274 1209 389 1269 vertere
403 1228 525 1283 novum,
541 1207 716 1289 stellamque
730 1221 911 1286 comantem,

129 1302 233 1379 Quian
248 1325 301 1365 sua
315 1303 480 1385 progenies.
526 1302 635 1384 Neque
650 1304 728 1365 enirn
744 1304 781 1365 de
797 1302 925 1368 Caesaris
940 1306 1015 1370 aetia

127 1399 232 1464 Ullum
248 1399 342 1484 majus
356 1419 443 1482 opus,
458 1398 548 1481 qulam
562 1398 643 1482 qudd
654 1414 743 1483 'pater
756 1401 869 1464 exstitit
884 1401 984 1488 hujus.

128 1496 249 1560 Scilicet
264 1515 414 1580 aequoreos
429 1497 496 1578 plus
511 1509 556 1557 est
571 1496 720 1558 domuisse
734 1498 905 1577 Britannos,
1042 1495 1104 1562 aot

128 1591 249 1677 Perque
265 1592 425 1677 papyriferi
437 1592 616 1676 septemflua
630 1593 753 1656 flumina
767 1592 829 1655 Nili

129 1688 274 1752 Victrices
288 1691 385 1772 egisse
399 1703 487 1766 rates,
503 1688 706 1773 Numidasque
720 1690 857 1767 rebelles,

128 1784 374 1869 Cinyphiumque
389 1785 509 1863 Jubam,
525 1784 784 1869 Mithridateisque
798 1800 966 1852 tumentem

127 1880 305 1945 Nominibus
319 1881 461 1961 Pontum,
477 1883 588 1966 populo
603 1882 744 1967 adjecisse
759 1882 890 1962 Quirini,

127 1977 170 2041 Et
184 1979 291 2041 multos
306 1980 458 2055 meruisse,
474 1981 587 2062 aliquos
602 1981 697 2061 egisse
712 1982 887 2063 triumphos,

128 2075 231 2150 Quam
246 2089 360 2138 tanturn
375 2077 511 2157 genuisse
527 2078 631 2153 virum,
648 2099 707 2160 quo
721 2079 844 2160 praeside
857 2098 956 2142 rerum

126 2170 268 2233 Humano
284 2173 393 2251 generi,
410 2172 519 2253 superi,
533 2173 651 2233 cavistis
666 2173 794 2235 abunde.

127 2266 175 2328 Ne
192 2266 265 2328 soret
278 2267 327 2328 hic
341 2267 428 2348 igitur
441 2268 556 2329 mortali
569 2269 682 2330 semiue
696 2283 805 2347 cretus,
865 2270 871 2282 ’

64 2393 65 2396 “
126 2361 181 2425 Ille
197 2363 270 2425 deus
285 2362 435 2426 faciendus
449 2376 521 2425 erat.
567 2364 661 2438 Quod
675 2378 708 2428 ut
723 2387 811 2431 aurea
827 2367 898 2431 vidit

126 2459 231 2524 AEneae
246 2461 373 2543 genitrix
385 2482 393 2536 ;
416 2461 490 2523 vidit
504 2483 622 2545 quoque
636 2464 717 2525 triste
732 2464 827 2547 parari

125 2557 263 2622 Pontifici
277 2560 381 2633 letum,
396 2571 426 2619 et
440 2559 592 2642 conjurata
606 2580 687 2621 arma
701 2561 824 2622 moveri.

96 2663 98 2666 ⁴
126 2653 254 2716 Palluit:
276 2667 309 2715 'et
324 2653 449 2729 cunctis,
464 2667 498 2715 ut
512 2654 620 2735 cuique
636 2669 699 2718 erat
713 2654 811 2733 obvia,
827 2656 912 2736 diris,

126 2748 299 2831 ‘Adspice,’
316 2747 444 2825 dicebat,
460 2749 590 2831 ‘quantia
603 2751 674 2811 mihi
690 2753 769 2813 mole
784 2767 925 2834 parentm

125 2843 259 2908 Insidiae:
285 2846 453 2929 quantisque
468 2859 559 2930 capnt
571 2866 642 2908 curn
656 2845 758 2909 fraude
774 2862 902 2930 petatur.

126 2942 220 3016 Quod
235 2943 272 3004 de
288 2942 441 3015 Dardanio
455 2944 550 3006 solum
565 2944 637 3007 milri
647 2958 736 3006 restat
748 2944 824 3008 liilo.

125 3039 234 3102 Solane
250 3060 369 3121 semper
382 3061 432 3101 ero
444 3040 530 3123 justis
543 3041 676 3104 exercita
690 3043 788 3104 curis?

125 3134 228 3208 Quam
243 3135 334 3197 modd
348 3134 476 3216 Tydida
489 3135 661 3225 Calydonia
675 3137 811 3201 vulneret
825 3139 920 3218 hasta,

28 3223 33 3232 ’
124 3230 215 3295 Nunc
229 3231 307 3293 male
322 3229 449 3293 defense
464 3232 644 3295 confundant
660 3237 770 3297 moenia
784 3236 901 3322 Trojae:

124 3328 203 3402 Quae
219 3329 336 3390 videam
350 3341 453 3390 natum
467 3327 561 3409 longis
576 3331 720 3392 erroribus
735 3345 845 3410 aonam,

122 3424 292 3507 laetarique
308 3424 392 3502 sretO,
407 3425 552 3506 sedesque
569 3426 674 3489 intrare
691 3428 841 3505 silentdm,

123 3520 270 3604 Bellaque
284 3542 354 3584 cum
369 3521 474 3583 Turno
488 3542 602 3614 gerere,
617 3537 678 3601 aut,
693 3525 717 3586 si
731 3545 803 3587 vera
816 3524 953 3600 fatemur.
