2348 4102
128 336 171 400 54
446 294 792 392 mnrnspnrrrosnon

126 490 292 567 Moenibus,
307 502 338 552 et
354 503 437 551 vasto
452 489 574 550 dederat
588 486 733 548 servanda
747 485 884 548 draconi:
924 480 928 485 ’
1042 486 1112 552 idm

128 587 318 668 Arcebatque
332 586 390 647 suis
406 598 544 646 externos
559 584 664 644 finibus
678 602 793 643 omnes.

128 679 209 744 Huic
225 702 353 763 quoque,
369 679 475 741 ‘Vade
491 679 605 761 procul,
620 699 657 739 ne
672 676 761 758 longe
776 676 868 758 gloria
881 697 989 753 rerum,

128 774 214 850 Quas
229 775 380 852 mentiris,'
396 776 446 851 ait,
462 781 471 812 ‘
479 773 568 854 longe
582 773 634 835 tibi
649 772 768 857 Jupiter
782 771 877 834 absit!

133 871 260 954 Vimque
275 871 361 933 minis
377 870 473 933 addit:
497 868 664 973 sOflefiqsse
678 856 830 953 eppedere
845 879 940 929 tentat

129 967 341 1043 Cunctantem,
356 980 387 1028 et
401 965 523 1049 placidis
537 964 719 1063 misceam
736 1028 744 1047 ⁴.
784 962 791 976 '
825 963 919 1025 dictis.
1044 965 1110 1026 295

130 1061 249 1125 Viribus
264 1062 391 1137 inferior,
409 1061 488 1145 (quis
503 1060 583 1122 enim
597 1078 650 1141 par
662 1044 747 1151 μή
787 1058 872 1141 tlepti

129 1154 249 1222 Viribus
258 1157 286 1243 ?)
304 1159 365 1219 ‘At
380 1157 519 1241 quoniam
531 1157 614 1239 parvi
628 1154 680 1218 tibi
694 1154 786 1236 gratia
798 1169 897 1217 nostra
914 1166 977 1230 θεῖς

128 1254 244 1335 Accipe
260 1253 386 1328 munus,’
404 1253 460 1328 ait3
482 1252 615 1334 levique
628 1240 648 1312 ‘a
661 1264 745 1339 parte
760 1248 897 1314 Medusae

128 1346 198 1430 lpse
212 1361 393 1413 retroversus
407 1342 582 1430 squallentia
597 1336 725 1430 prodidit
739 1367 809 1409 ora:
875 1347 877 1352 ’

128 1442 269 1516 Quantus
284 1456 357 1519 erat,
371 1463 456 1504 mons
470 1441 563 1504 factus
578 1442 675 1504 Atlas.
719 1441 789 1504 Jam
803 1442 893 1507 barba
906 1445 1061 1524 comaeque

128 1537 165 1600 Iu
179 1540 267 1601 silvas
281 1540 408 1601 abeunt:
427 1538 501 1622 juga
514 1552 582 1600 sunt
597 1539 771 1622 humerique
782 1557 956 1620 manusque.
1044 1541 1105 1602 aut

129 1627 223 1709 Quod
237 1648 327 1718 caput
342 1635 411 1698 aut'e
426 1634 490 1711 fuit,
505 1637 622 1697 summo
636 1635 724 1697 estin
738 1646 839 1697 monte
854 1652 1009 1697 cacumen.

99 1807 104 1815 ι
129 1729 207 1790 Ossa
221 1731 295 1811 lapis
309 1732 392 1792 fiunt.
437 1730 633 1811 Tumpartes
647 1743 751 1790 auctus
766 1730 796 1790 in
809 1749 914 1791 omnes
999 1787 1004 1794 .

129 1821 235 1886 Crevit
250 1825 279 1885 in
293 1825 481 1900 inmensum,
499 1824 555 1908 (sic
570 1823 601 1884 di
616 1822 770 1909 statuistis)
787 1837 817 1886 et
832 1844 923 1886 omne

129 1917 211 1982 Cum
225 1933 269 1982 tot
283 1920 424 1983 sideribus
439 1921 550 1995 corium
564 1920 709 2004 requievit
723 1921 753 1982 in
767 1921 828 1983 illo.
1044 1923 1111 1984 305

320 2159 460 2208 rnnsnos
483 2168 525 2208 nn
548 2168 755 2226 annaurim
777 2169 916 2211 nurrtn.

558 2346 588 2388 v.
604 2326 678 2389 662.

171 2494 328 2559 Clauserat
342 2493 529 2579 Hippotades
544 2507 652 2558 aetemo
666 2516 784 2558 carcere
799 2510 920 2562 ventos:

127 2590 365 2673 Admonitorque
380 2612 504 2673 operum
519 2593 597 2654 coelo
611 2591 787 2654 clarissimus
802 2593 862 2654 alto
901 2659 906 2670 ,

127 2684 251 2748 Lucifer
264 2699 344 2747 ortus
359 2698 431 2764 erat.
477 2685 588 2769 Pennis
603 2684 673 2768 ligat
687 2687 737 2749 itle
752 2688 909 2770 resumptis

127 2780 219 2843 Parte
235 2782 271 2842 ab
287 2782 410 2863 utrique
426 2781 537 2864 pedes3
559 2783 678 2865 teloque
694 2781 857 2863 adcingitur
871 2803 968 2844 unco:
991 2859 995 2863 .

127 2875 170 2939 Et
184 2877 327 2959 liquidum
341 2877 427 2940 motis
442 2875 578 2954 talaribus
593 2881 661 2944 aire
675 2877 769 2941 findit.
1043 2882 1112 2944 310

127 2971 275 3035 Gentibus
283 2974 450 3064 ‘innumeris
463 2976 634 3059 circumque
647 2973 783 3059 insrbque
797 2974 916 3052 relictis,

126 3065 304 3151 AEthiopum
320 3071 457 3152 populos,
472 3070 612 3152 Cepheia
625 3072 769 3154 conspicit
784 3093 864 3134 arra.

170 3162 234 3226 ssttc
249 3162 425 3226 immeritam
438 3177 576 3227 matemae
593 3167 723 3247 pendere
737 3167 848 3246 linguae

128 3259 339 3323 Andromedan
354 3278 458 3342 poenas
473 3258 592 3320 immitis
604 3259 732 3343 jusserat
745 3263 888 3325 Ammon.

126 3355 229 3427 Quam
244 3356 331 3418 simul
345 3354 383 3417 ad
398 3354 484 3421 duras
499 3355 651 3437 religatam
666 3357 786 3420 brachia
799 3371 901 3422 cautes
1039 3363 1109 3426 815

127 3447 211 3512 Vidit
225 3451 410 3516 Abantiades
419 3473 428 3530 3
437 3452 501 3530 ait,
517 3451 566 3515 ‘O
580 3475 638 3517 non
655 3455 744 3538 digna
756 3456 880 3535 catenis,
