2348 4102
380 342 386 345 “
457 358 633 413 nnsronn
653 359 713 412 vn.
1009 355 1067 419 161

97 507 130 572 Si
145 509 239 592 pudet
252 509 369 584 uxoris3
392 529 451 571 non
465 522 568 591 nupta,
582 509 636 570 sed
650 509 767 590 hospita
781 509 870 572 dicar.
1010 512 1070 573 135

140 605 225 667 Dum
239 619 290 667 tua
304 607 340 666 sit
355 604 445 681 Dido,
461 605 612 688 quodlibet
628 624 692 668 esse
707 603 791 667 seret.

58 742 60 744 -
97 700 179 763 Nota
193 702 264 763 mihi
279 701 352 762 freta
365 714 432 762 sunt
447 698 554 761 Afrum
569 700 732 780 frangentia
745 701 842 764 littus:

140 795 339 878 Temporibus
354 796 441 858 cartis
456 796 585 878 dantque
600 809 767 878 negantque
783 797 871 858 viam.

98 890 181 953 Cum
195 891 275 953 dabit
290 913 359 953 aura
375 892 463 968 viam,
478 888 626 975 praebebis*
635 892 756 954 carbasa
770 892 876 953 ventis.

142 985 232 1048 Nunc
245 988 318 1049 levis
333 988 459 1071 ejectam
473 988 604 1050 continet
617 987 685 1073 alga
699 1000 803 1049 ratem.
1013 990 1073 1050 140

98 1081 235 1166 Tempus
249 1097 282 1145 ut
295 1085 461 1159 observem,
476 1083 584 1146 manda
597 1084 686 1159 mibi3
708 1083 816 1146 certius
830 1083 901 1146 ibis:

142 1178 209 1241 Neo
224 1193 264 1255 te,
282 1181 307 1241 si
321 1180 423 1263 cupies
437 1180 512 1262 ipse,
527 1200 647 1241 manere
662 1179 767 1242 sinam.

99 1273 141 1337 Et
156 1276 226 1336 socii
241 1277 370 1359 requiem
387 1289 522 1358 poscunt,
537 1277 704 1360 laniataque
718 1275 817 1338 classis

142 1368 277 1434 Postulat
291 1374 413 1452 exiguas
428 1371 612 1435 semirefecta
625 1393 734 1435 moras.

99 1464 160 1528 Pro
174 1468 294 1543 meritis,
310 1481 340 1528 et
356 1468 440 1548 siqua
453 1465 506 1529 tibi
520 1467 713 1546 praebebimus
728 1467 814 1542 utut,
1013 1469 1074 1532 145

141 1560 203 1624 Pro
218 1585 271 1642 spe
286 1561 414 1643 conjugii
429 1574 563 1642 tempora
577 1581 667 1641 parva
682 1573 764 1641 peto.

98 1655 184 1718 Dum
199 1656 272 1717 freta
287 1656 454 1731 mitescunt,
470 1669 499 1717 et
514 1655 625 1716 Amor:
649 1655 721 1716 dum
735 1668 870 1738 tempore
885 1667 916 1718 et
930 1675 985 1718 usu

141 1751 271 1813 Fortiter
285 1752 383 1814 edisco
397 1753 488 1815 tristia
501 1773 589 1835 posse
604 1753 676 1835 pati.

99 1847 153 1910 Sin
168 1849 282 1924 minirs3
304 1862 349 1911 est
363 1850 476 1910 animus
492 1849 575 1910 nobis
590 1848 742 1910 effundere
761 1848 860 1912 vitam.

143 1943 178 2005 ln
192 1966 241 2005 me
257 1944 383 2005 crudelis
397 1966 456 2006 non
471 1957 556 2026 potes
572 1965 636 2030 esse
653 1943 713 2004 diu.
827 1995 829 1998 .
1014 1946 1075 2008 150

99 2040 256 2122 Adspicias
272 2041 401 2115 utinam,‘
412 2061 475 2123 quse
490 2040 526 2102 sit
540 2040 694 2102 scribentis
708 2039 824 2120 imago!

142 2136 321 2212 Scribimus3
344 2150 375 2198 et
388 2137 500 2218 gremio
515 2135 643 2199 Troicus
658 2135 735 2199 ensis
750 2135 850 2220 adest:

47 2282 49 2284 -
98 2231 219 2314 Perque
234 2254 323 2314 genas
337 2233 474 2314 lacrymae
489 2233 620 2295 strictum
635 2233 772 2303 labuntur
787 2233 816 2294 in
831 2252 952 2309 ensem3

142 2325 207 2401 Qui
218 2328 280 2411 jem
296 2350 350 2409 pro
364 2328 501 2408 lacrymis
515 2330 655 2408 sanguine
671 2329 778 2391 tinctus
795 2330 873 2390 erit·

99 2424 204 2497 Quem
217 2427 294 2487 bene
309 2424 489 2485 conveniunt
503 2422 563 2486 sato
576 2435 628 2483 tua
643 2445 766 2484 munera
780 2425 895 2485 nostro!
1015 2424 1075 2485 155

69 2588 72 2592 ,
142 2522 263 2584 Instruis
278 2518 413 2603 impense
426 2533 524 2581 nostra
538 2518 672 2601 sepulcra
683 2519 777 2580 brevi.

53 2618 61 2635 ‘
99 2618 168 2682 Nec
183 2640 251 2680 mea
264 2639 342 2679 nuno
357 2617 452 2700 primb
467 2614 609 2677 feriuntur
622 2628 743 2698 pectora
756 2615 833 2684 telo:

142 2715 197 2777 llle
212 2716 294 2777 locus
310 2712 378 2774 saevi
394 2713 500 2774 vulnus
514 2712 634 2783 Amoris
650 2711 750 2772 babet.

100 2814 191 2876 Anna
205 2834 296 2888 soror,
311 2833 392 2873 soror
406 2810 507 2887 Anna,
522 2831 595 2871 meae
610 2809 688 2870 malb
703 2808 822 2870 conscia
835 2808 942 2888 culpa,

143 2910 213 2971 Jarn
228 2909 310 2971 dabis
325 2909 354 2968 in
369 2908 484 2969 cineres
499 2906 602 2966 ultima
617 2905 695 2964 dona
709 2923 802 2964 meos
924 2926 927 2929 ·
1013 2902 1076 2963 160

101 3006 179 3083 Nec,
194 3017 369 3089 consumpta
383 3003 470 3083 rogis,
485 3001 632 3075 inscribar,
648 2998 746 3060 Elissa
760 2997 884 3072 Sichaei3

144 3101 214 3164 Hoc
228 3116 328 3164 tamen
343 3101 373 3163 in
388 3098 493 3163 tumuli
507 3119 651 3160 marmore
666 3117 785 3159 carmen
794 3095 871 3158 erit:
928 3117 932 3124 ⁴

101 3197 251 3264 ‘Praebuit
264 3199 376 3273 AEneas
391 3211 421 3261 et
435 3189 557 3260 causam
570 3195 672 3258 mortis
686 3207 716 3256 et
730 3214 843 3257 ensem.

145 3296 215 3380 Ipsa
229 3296 287 3369 suit
298 3295 380 3361 Dido
392 3294 521 3359 concidit
534 3314 589 3356 usa
603 3290 714 3357 mauu)

405 3392 472 3457 14*
