2348 4102
502 375 673 446 manarit.
767 392 771 396 ·

62 591 64 597 .
98 539 191 605 Haud
206 540 290 603 aliter
303 541 442 623 graditur,
457 542 584 624 quamsi
599 543 745 606 venabula
760 543 838 624 tigris

98 638 235 720 Corpore
250 639 309 699 fixa
323 650 415 720 gerat,
431 637 560 720 factique
574 637 712 720 refugerit
727 653 838 701 auctor.

70 796 71 801 ,
98 733 185 816 Saepe
201 733 283 795 illurn
297 733 423 814 gemitus
439 734 589 811 edentem,
605 756 682 818 saepe
698 734 882 811 frementem,
1031 742 1075 802 70

98 828 186 912 Saepe
200 842 396 892 retentantem
409 843 486 896 totas
502 829 658 910 infringere
674 845 783 906 vestes,

97 925 347 1009 Stementemque
362 927 469 1003 trabes,
485 927 720 1009 irascentemque
736 927 850 988 videres

95 1018 261 1098 Montibusr,
276 1035 327 1083 aut
341 1022 434 1104 patrio
449 1023 622 1083 tendentem
637 1022 758 1083 bmchia
771 1023 860 1084 coelo.

140 1120 303 1182 Arboribus
317 1122 409 1197 caesis,
425 1141 498 1203 quas
513 1121 603 1182 ardua
618 1118 750 1202 gesserat
760 1121 849 1200 OEte,

96 1213 192 1298 Inque
208 1237 312 1298 pyram
326 1217 452 1294 structis,
469 1237 553 1278 arcus
568 1217 795 1301 pharetramque
810 1212 969 1301 capacem,
1031 1222 1075 1283 75

96 1309 266 1394 Regnaque
282 1312 391 1375 visuras
405 1305 511 1376 iteru'm
526 1312 657 1398 Trojana
670 1315 800 1397 sagittae,

96 1405 191 1470 Ferre
202 1406 289 1491 jubes
303 1408 425 1471 Paeante
439 1422 536 1472 satum
545 1420 560 1470 ς’
577 1431 637 1492 quo
650 1410 771 1472 flamma
784 1411 917 1474 ministro

96 1501 240 1564 Subdita:
264 1504 394 1587 dumque
409 1504 502 1565 avidis
515 1505 735 1584 comprenditur
749 1496 863 1584 ignibus
878 1527 968 1589 agger
976 1529 984 1584 ;

97 1590 280 1679 Congeriem
295 1600 375 1660 silvae
390 1597 534 1660 Nemeac
546 1598 658 1659 vellere
672 1619 820 1661 summam

97 1695 227 1756 Sternis:
252 1707 284 1755 et
299 1694 436 1776 imposita
450 1695 541 1770 clavae
555 1694 673 1756 cervice
688 1695 844 1771 recumbis,
1033 1699 1076 1761 80

97 1790 189 1853 Haud
205 1791 262 1852 alio
277 1791 370 1874 uultu,
386 1791 475 1875 quarn
489 1791 513 1853 si
527 1791 654 1857 conviva
664 1790 790 1875 jaceres,

96 1886 181 1949 Inter.
194 1886 282 1970 plena
296 1888 369 1949 meri
383 1882 534 1949 redimitus
549 1888 657 1970 poeula
671 1888 765 1949 sortia.
848 1876 854 1882 ’

138 1982 270 2065 Jamque
285 1983 397 2060 valens,
412 1996 443 2044 ct
457 1983 487 2044 in
500 2003 589 2044 omne
603 1983 680 2045 latus
695 1983 801 2045 diffirsa
814 1983 946 2060 sonabat,

98 2079 287 2161 Securosque
301 2092 389 2156 artus,
404 2090 699 2164 contemptoremque
713 2080 835 2163 petebat

97 2173 238 2236 Flamma
250 2195 347 2236 suum.
390 2175 535 2238 Timuere
550 2176 599 2242 dei
614 2197 668 2258 pro
679 2175 795 2238 vindice
810 2190 903 2239 terrae.
1032 2178 1075 2240 85

98 2269 187 2342 Quos
201 2270 243 2331 ita
259 2269 364 2355 (sensit
373 2271 473 2354 enim)
484 2273 557 2333 'laeto
572 2271 726 2334 Saturnius
740 2293 791 2334 ore
914 2272 917 2279 ’

98 2365 217 2448 Jupiter
231 2367 403 2449 adloquitur:
424 2373 436 2403 '‘
446 2365 555 2449 Nostra
570 2380 615 2428 est
629 2368 717 2428 timor
731 2368 785 2428 iste
801 2369 946 2449 voluptas,

99 2462 129 2522 O
140 2464 261 2545 superi:
284 2475 407 2544 totoque
421 2451 516 2522 libens
529 2461 602 2522 mibi
616 2473 737 2542 pectore
752 2473 858 2540 grator,

99 2557 194 2630 Quod
209 2556 347 2620 memoris
362 2557 465 2640 populi
480 2557 561 2619 dicor
574 2569 729 2640 rectorque
745 2568 904 2639 paterque:

100 2654 148 2716 Et·
156 2676 224 2717 mea
239 2655 394 2736 progenies
410 2667 507 2715 vestro
522 2674 641 2737 quoque
655 2666 719 2716 tuta
733 2651 832 2740 favore
848 2667 903 2715 est.
965 2736 968 2741 Ι
1034 2656 1077 2718 90

100 2749 181 2811 Nam
196 2771 364 2833 quanquam
378 2749 468 2832 ipsius
484 2750 569 2819 datur
584 2751 642 2812 hoc
656 2749 832 2811 immanibus
846 2750 937 2824 actis3

100 2845 225 2926 Obligor
239 2846 302 2928 ipse
318 2859 428 2907 tamen.
461 2846 535 2915 ,sed
549 2846 639 2920 enim,
653 2866 691 2918 ne
706 2857 828 2926 pectora
842 2865 918 2905 vano

100 2939 179 3003 Fida
192 2955 274 3003 metu
290 2954 429 3024 paveant,
443 2940 558 3002 OEtaeas
572 2938 861 3022 spemiteflammas.

100 3037 212 3099 Omnia
227 3038 277 3120 qui
292 3039 371 3113 vicit,
387 3037 496 3112 vincet,
512 3056 586 3118 quos
600 3035 728 3123 comitia,
744 3035 838 3116 ignes,

53 3210 57 3220 1
100 3133 168 3196 Nec
183 3135 238 3196 nisi
252 3133 385 3197 materna
400 3132 569 3195 Vulcanum
584 3145 667 3216 parte
682 3145 835 3216 potentem
1035 3136 1077 3198 95

90 3231 228 3322 *Sentiet
273 3231 429 3293 AEtemum
446 3244 501 3313 est,
517 3252 535 3292 a
548 3251 597 3292 me
613 3231 852 3313 quod·traxit,'et
866 3250 985 3313 expers,

100 3328 204 3411 Atque
220 3329 350 3389 immune
364 3329 456 3404 necis,
470 3327 611 3410 nullaque
626 3328 771 3389 domabile
786 3326 917 3389 flamma·

102 3420 196 3506 quue
212 3446 268 3506 ego
283 3425 454 3487 defunctum
470 3423 548 3485 terri
561 3424 730 3485 coelestibus
744 3422 801 3484 oris

104 3521 271 3603 Accipiam,
285 3522 459 3603 cunctisque
473 3538 574 3583 meum
587 3519 711 3582 laetabile
726 3517 837 3580 sactum
1051 3519 1069 3552 '
