2348 4102
501 367 693 424 natorum.

446 613 664 677 nrrsrom
694 611 737 675 x.
794 582 796 586 ’

439 782 580 822 ΑΒῙΔΒΝΕ
604 781 743 822 Tflusuo.

102 905 226 971 Mrrrus
242 905 351 981 inveni,
367 906 455 988 quam
470 919 511 980 te,
527 926 618 985 genus
633 925 721 966 omne
736 902 880 965 ferarum:

145 1003 268 1066 Credita
282 1024 338 1064 non
355 1002 417 1077 ulli,
433 1002 520 1083 quam
536 1001 598 1077 tibi,
614 1001 700 1084 pejus
714 1021 805 1061 eram.

101 1099 180 1172 Quae
195 1100 278 1178 legis,
294 1118 334 1159 ex
348 1098 408 1172 illo,
422 1096 559 1171 Theseu,
574 1096 625 1158 tibi
639 1097 735 1157 littore
750 1097 846 1170 mitto,

144 1193 235 1256 Unde
251 1208 332 1254 tuam
346 1194 409 1254 sine
424 1213 473 1253 me
488 1194 555 1254 vela
569 1193 663 1254 tulere
678 1206 783 1253 ratem.

100 1287 136 1350 In
153 1310 212 1369 quo
227 1310 276 1349 me
291 1309 470 1368 somnusque
485 1309 568 1348 meus
583 1287 661 1348 male
676 1288 814 1368 prodidit,
829 1301 860 1350 et
874 1301 917 1363 tu,
1055 1289 1072 1349 5

99 1381 104 1389 ’
143 1384 205 1445 Per
218 1383 329 1444 facinus
343 1382 452 1444 somnis
467 1382 600 1443 insidiate
615 1384 699 1445 meis.
816 1463 818 1466 Ι

100 1477 236 1563 Tempus
252 1493 326 1555 erat,
342 1477 435 1540 vitrea
451 1501 510 1562 quo
524 1479 652 1560 primirm
667 1493 744 1541 terra
758 1481 864 1562 pruina

57 1614 60 1622 ι
143 1576 306 1657 Spargitur,
321 1588 352 1637 et
366 1588 451 1637 tectae
467 1574 568 1637 fronde
585 1588 745 1658 queruntur
759 1596 841 1637 aves.

99 1671 249 1734 Incertum
264 1672 395 1752 vigilans,
412 1692 429 1732 a
444 1693 547 1732 somno
561 1672 707 1750 languida,
723 1672 801 1733 movi

140 1767 264 1829 Thesea
279 1789 429 1849 pressuras
444 1767 623 1849 semisupina
638 1789 752 1828 manue.
1018 1794 1022 1799 ’
1037 1773 1072 1829 10

98 1861 207 1924 Nullus
222 1877 300 1925 erat:
324 1863 477 1946 referoque
494 1883 608 1939 monus,
623 1863 789 1945 iterumque
803 1877 931 1940 retento,

142 1959 260 2042 Perque
274 1974 370 2022 tomm
386 1980 492 2022 moveo
507 1960 645 2022 brachia:
668 1960 766 2020 nullus
780 1973 852 2020 erat.

98 2054 268 2117 Excussere
283 2070 379 2117 metus
394 2077 541 2117 somnum.
587 2053 756 2117 Conterrita
769 2077 873 2136 surgo:

56 2213 60 2220 ,
141 2149 337 2230 Membraque
352 2163 420 2211 sunt
436 2150 525 2210 viduo
541 2151 719 2231 praecipitata
734 2165 808 2213 toro.

97 2244 237 2307 Protinus
253 2244 384 2305 adductis
400 2258 559 2305 sonuerunt
574 2259 695 2327 pectora
710 2247 831 2328 palmis:
1036 2250 1073 2311 15

141 2339 243 2422 thue
259 2353 321 2403 erat
336 2362 353 2401 a
368 2362 473 2402 somno
487 2340 612 2417 turbida,
627 2355 711 2423 rapta
725 2364 811 2404 coma
825 2356 879 2405 est.
1033 2331 1038 2339 ⁴

97 2434 185 2499 Luna
200 2436 270 2498 suit:
293 2451 407 2520 specto,
422 2438 447 2499 si
462 2437 542 2519 quid,
557 2438 612 2499 nisi
626 2439 732 2515 littora,
747 2460 876 2501 cernam.

140 2533 233 2606 Quod
251 2534 368 2596 videant
381 2534 471 2609 oculi,
486 2534 536 2608 nil,
552 2535 606 2596 nisi
621 2534 712 2611 littus,
727 2535 847 2596 habent.

97 2626 187 2690 Nunc
204 2628 272 2702 huc,
287 2650 365 2688 nunc
380 2629 459 2703 illuc,
475 2642 507 2689 et
522 2642 657 2710 utroque,
674 2632 736 2692 sine
751 2631 863 2708 ordine,
877 2653 980 2694 curro:
1014 2631 1016 2634 ⁴

139 2722 212 2783 Alta
226 2723 370 2804 puellares
385 2724 479 2783 tardat
495 2744 582 2784 arena
597 2727 699 2806 pedes.
870 2766 873 2770 μ
1032 2735 1075 2793 20

96 2816 214 2881 Interea
230 2831 291 2880 toto
305 2818 443 2882 clamanti
457 2819 564 2894 littore,
581 2819 745 2897 ‘Theseu‚'

139 2915 318 2977 Reddebant
333 2937 441 2977 nomen
456 2938 586 2979 concava
601 2939 673 2980 saxa
689 2933 789 2982 tuum:

96 3010 138 3072 Et
151 3013 263 3092 quoties
279 3032 335 3091 ego
350 3025 390 3088 te,
401 3014 488 3075 toties
504 3016 585 3076 locus
600 3016 663 3098 ipse
680 3019 821 3090 vocabat„

138 3106 207 3188 lpse
222 3109 304 3168 locus
320 3109 431 3170 miserae
447 3109 521 3172 ferre
537 3114 655 3175 volebat
671 3137 770 3196 opem.

96 3201 186 3265 Mons
202 3202 272 3278 firit3
295 3218 438 3286 apparent
453 3205 571 3268 frutices
586 3210 616 3268 ‘n
633 3212 743 3273 vertice
758 3214 813 3274 rari
823 3227 834 3274 t
1032 3219 1072 3279 25

139 3300 219 3362 Hinc
233 3302 371 3384 scopulus
385 3303 480 3364 raucis
495 3304 606 3384 pendet
621 3307 726 3370 adesus
740 3311 836 3392 aquis.

95 3397 257 3460 Adscendo
274 3396 365 3483 (vires
379 3400 493 3463 animus
509 3401 624 3487 dabat),
640 3418 728 3487 atque
743 3406 856 3471 iratast

139 3493 271 3578 AEquora
286 3512 444 3579 prospectu
459 3498 564 3560 metior
578 3501 637 3562 alta
650 3523 730 3564 meo
