2348 4102
99 354 143 415 74
420 359 769 413 Maramonraosaort

99 506 164 582 Ille,
179 519 212 567 ut
226 520 288 568 erat
301 528 421 589 pronus,
436 529 490 590 per
502 509 579 570 colla
592 509 719 570 admissa
728 507 874 591 jubasque

100 601 237 662 Volvitur
245 623 253 676 ;
276 590 306 663 et
319 603 414 664 calido
429 604 563 665 tellurem
578 604 718 683 sanguine
732 604 836 666 soedat,

98 688 268 758 Phaedimus
283 695 394 774 infelix,
410 711 440 758 et
455 699 524 759 aviti
538 699 663 759 nomime
679 698 773 759 haeres

98 788 252 866 Tantalus,
266 804 300 853 ut
314 793 398 853 solito
412 793 501 853 finem
516 793 682 874 imposuere
697 793 799 869 labori,

98 883 288 947 Transierant
303 887 340 948 ad
354 908 429 969 opus
444 887 540 949 nitidae
551 887 683 969 juvenile
697 888 855 968 palaestrae:

98 979 140 1041 Et
150 980 213 1063 jam
227 982 410 1043 contulerant
425 995 505 1043 arcto
520 982 660 1042 luctantia
673 1002 754 1042 nexu

98 1073 225 1137 Pectora
239 1076 423 1156 pectoribus3
444 1075 514 1136 cum
529 1087 610 1135 tento
624 1076 740 1136 concita
754 1096 856 1152 comu,

97 1168 183 1231 Sicut
197 1182 279 1230 eraut
289 1169 395 1252 juncti,
410 1168 524 1251 trajecit
537 1181 693 1250 utrumque
708 1170 823 1249 sagitta.

97 1262 274 1343 Ingemuere
288 1264 392 1338 simul3
414 1264 500 1323 simul
514 1264 666 1324 incurvata
681 1263 783 1324 dolore

96 1355 235 1419 Membra
248 1357 311 1419 solo
325 1357 469 1439 posuere3
492 1357 578 1418 simul
592 1378 730 1439 suprema
740 1358 875 1441 jacentes

96 1451 226 1514 Lumina
240 1451 409 1528 versdrun13
431 1452 557 1513 anirnam
572 1453 658 1514 simul
674 1453 860 1516 exhalarunt.
1010 1460 1068 1520 100

97 1547 237 1630 Adspicit
251 1548 417 1630 Alphenor,
431 1548 597 1630 laniataque
605 1543 733 1631 'pectora
745 1549 889 1630 plangens

96 1641 240 1721 Advolat,
256 1657 287 1705 ut
302 1644 414 1724 gelidos
428 1644 632 1725 complexibus
647 1644 755 1705 allevet
770 1656 865 1705 artus:

96 1736 191 1820 Inque
207 1739 257 1820 pio
270 1739 349 1801 cadit
362 1739 477 1800 officio:
500 1758 569 1798 nam
584 1737 691 1800 Delius
704 1738 745 1799 illi

96 1829 204 1894 lntirna
218 1831 330 1894 fatifero
344 1832 453 1914 rumpit
466 1832 625 1914 precordia
638 1831 725 1894 serm.

36 1933 38 1935 ’
97 1922 192 2000 Quod
206 1927 293 1989 simul
307 1927 458 2005 eductum,
473 1948 540 2011 pars
554 1940 600 1989 est
614 1928 761 2011 pulmonis
776 1929 806 1989 in
823 1929 918 1992 hamis
1008 1934 1068 1995 105

97 2020 207 2084 Bruta:
230 2043 358 2106 cumque
373 2022 472 2084 animi
484 2044 570 2084 cruor
583 2036 629 2085 est
643 2024 753 2086 effirsus
767 2024 797 2085 in
809 2044 903 2086 auras.

96 2116 140 2178 At
154 2138 214 2178 non
229 2117 375 2178 intonsum
389 2118 516 2198 simplex
531 2116 784 2181 Damasichthona
798 2119 904 2182 vulnus

96 2210 212 2271 Afficit.
257 2209 336 2271 Ictus
351 2224 423 2285 erat,
439 2210 499 2292 quia
512 2232 579 2272 crus
593 2232 658 2274 esse
673 2213 785 2296 incipit,
799 2228 830 2276 et
845 2215 905 2298 quit

96 2304 201 2366 Mollia
215 2324 356 2366 nervosus
370 2303 439 2367 facit
452 2306 615 2369 internodia
629 2309 743 2391 poples.
843 2373 846 2376 ,

96 2398 239 2483 Dumque
253 2420 342 2462 manu
357 2413 451 2463 tentat
464 2401 580 2474 trahere
594 2404 743 2466 exitiabile
758 2406 860 2481 telum,
1009 2411 1068 2471 110

95 2497 201 2559 Altera
214 2518 270 2580 per
279 2496 416 2583 jugulum
429 2499 537 2581 pennis
551 2512 636 2561 tenus
651 2513 716 2561 acta
729 2501 833 2581 sagitta
847 2511 903 2562 est.
994 2547 998 2551 ‚

96 2590 222 2673 Expulit
235 2593 312 2654 hano
326 2593 461 2672 sanguis:
484 2614 576 2676 seque
590 2594 752 2677 ejaculatus
766 2595 796 2657 in
811 2596 902 2658 altum

96 2684 225 2759 Emicat,
240 2698 270 2746 et
284 2685 371 2765 longe
386 2685 535 2747 terebrata
548 2689 660 2770 prosilit
674 2690 755 2751 aura.

95 2778 227 2841 Ultimus
241 2779 369 2841 Ilioneus
384 2801 443 2842 non
458 2780 624 2862 profectura
638 2783 787 2865 precando

95 2874 224 2938 Brachia
237 2866 409 2938 sustulerat:
433 2875 553 2960 ‘Dique
568 2899 587 2939 o
601 2878 796 2940 communiter
809 2882 935 2958 omnes,'
1009 2885 1066 2946 115

96 2971 234 3048 Dixerat,
252 2971 383 3058 (ignarus
397 2996 456 3036 non
471 2996 574 3037 omnes
589 2996 654 3038 esse
668 2973 827 3060 rogandos)

96 3066 255 3129 ‘Parcite'
299 3066 402 3129 Motus
416 3082 489 3144 erat,
503 3072 571 3132 cum
583 3070 645 3154 jam
659 3072 826 3133 revocabile
846 3072 939 3134 telum
1050 3077 1053 3083 '

96 3161 166 3223 Non
181 3161 244 3238 filit,
259 3162 452 3224 Arcitenens:
475 3165 596 3224 minirno
609 3178 708 3225 tamen
722 3165 829 3228 occidit
844 3167 892 3230 ille

97 3257 248 3333 Vulnere,
266 3278 328 3317 non
344 3255 404 3316 altit
417 3277 556 3338 percusso
570 3258 659 3320 corde
674 3258 790 3340 sagitta.

54 3419 57 3426 ,
139 3351 234 3415 Fama
249 3353 327 3429 mali,
343 3352 503 3435 populique
519 3352 611 3430 dolor,
626 3355 822 3438 lacrymaeque
836 3377 954 3419 suorum
1007 3361 1068 3422 120

97 3445 176 3509 Tam
189 3449 291 3512 subitae
304 3463 429 3512 matrem
442 3460 554 3512 certam
568 3448 665 3538 sentire
678 3452 777 3528 ruina,
