2348 4102
416 450 421 469 ¹
460 379 568 431 LIBER
591 379 665 431 xm.

70 527 181 592 Mallet
195 539 226 589 et
241 523 343 588 infelix
357 524 534 599 Palamedes
549 546 614 588 esse
626 527 757 588 relictus.

72 623 218 700 Viveret3
240 636 290 684 aut
304 623 384 684 certe
400 623 492 684 letum
507 623 569 684 sine
583 610 704 686 crimine
718 621 853 684 haberet.

71 719 178 796 Quem
193 720 271 781 male
285 718 413 780 convicti
426 719 549 781 nimium
564 719 746 779 memor'iste
762 716 864 780 furoris

70 815 206 878 Prodere
221 835 285 878 rem
299 814 437 877 Danaam
445 813 553 902 finxit:
576 814 736 895 fictumque
752 814 886 895 probant
936 887 937 890 Ἴ

71 910 209 986 Crimen,
225 923 255 972 et
269 908 575 992 ostendit,-quodjam
594 907 915 990 praesoderet‚uurum.*
1005 911 1049 974 60

117 1005 200 1086 Ergo
214 1019 265 1067 aut
280 1005 385 1069 exsilio
400 1006 476 1067 sires
491 1003 632 1067 subduxit
646 1003 782 1080 Achivis,
914 1070 918 1077 ,

71 1103 139 1163 Aut
153 1123 239 1164 nece.
284 1101 334 1163 Sic
350 1114 471 1183 pugnat,
486 1101 528 1163 sic
544 1115 589 1162 est
599 1099 790 1175 metuendus,
802 1098 942 1181 Ulysses.

71 1196 149 1272 Qui,
165 1196 235 1258 lieet
249 1196 365 1278 eloquio
378 1196 469 1257 fidum
485 1216 610 1279 quoque,
618 1194 647 1256 N
650 1192 869 1273 estora-uincet,
900 1227 903 1231 ’

70 1289 167 1353 Haud
180 1304 279 1353 tamen
294 1292 412 1368 efficiet,
428 1292 576 1355 desertum
592 1305 624 1354 ut
638 1291 892 1354 Nestoracrimen

71 1384 152 1449 Esse
166 1408 229 1449 rear
243 1389 367 1449 nullum.
406 1388 487 1465 Qui,
501 1391 571 1450 eum
585 1390 753 1470 imploraret
764 1388 911 1471 Ulyssem
1006 1389 1048 1452 65

71 1481 207 1545 Vulnere
222 1483 321 1545 tardus
336 1484 415 1565 equi,
430 1482 583 1564 fessusque
596 1486 735 1546 senilibus
750 1486 843 1560 nnnis,

70 1577 213 1640 Proditus
228 1599 246 1640 a
259 1579 339 1639 socio
348 1591 409 1640 est.
448 1577 524 1639 'Non
539 1578 602 1639 haec
617 1580 688 1640 mihi
703 1579 825 1642 erimina
838 1580 907 1662 fingi

70 1673 137 1738 Scit
150 1675 229 1735 bene
244 1672 397 1754 Tydides:
421 1673 473 1756 qui
483 1674 604 1735 nomine
618 1695 697 1757 saepe
713 1687 851 1738 vocatum

71 1767 243 1852 Corripuit3
265 1769 439 1851 trepidoque
454 1768 553 1852 fingam
568 1772 757 1854 exprobravit
769 1772 877 1837 ¹arnico.

69 1865 253 1948 Adspiciunt
267 1865 358 1926 oeulis
372 1867 471 1947 superi
485 1871 618 1932 mortalia
628 1869 725 1956 justis.
1007 1870 1050 1932 70

70 1959 208 2042 Ειιωςεῑ
222 1958 342 2036 auxilio,
358 1961 481 2043 quinon
496 1957 579 2020 tulit:
602 1971 694 2039 utque
709 1954 836 2040 reliquit,

70 2056 126 2120 Sic
140 2056 314 2140 linquendus
324 2068 402 2118 eru.
421 2056 424 2060 ’
446 2052 632 2136 Legem-sibi
651 2053 766 2116 dixerat
779 2053 854 2137 ipse.
950 2082 952 2086 ’

71 2151 250 2217 Conclamat
265 2153 369 2214 socios.
403 2151 550 2226 ·Adsum;
570 2149 718 2234 videoque
733 2163 920 2231 trementem,

70 2247 301 2330 Pallentemque
315 2259 407 2324 metu,
423 2268 458 2310 uc
472 2240 777 2329 trepidantemmorte
792 2247 899 2313 futuri.

70 2342 211 2427 Opposui
225 2344 335 2406 molem
349 2343 449 2425 clypei
459 2334 611 2424 frenique
623 2344 792 2426 jacentem3
1005 2349 1049 2412 75

71 2439 256 2522 Servavique
270 2439 399 2501 animum
417 2436 585 2521 (minimum
599 2451 644 2498 est
658 2438 715 2514 hoc
730 2439 839 2522 laudis)
855 2441 991 2503 inertem.

70 2534 108 2598 Si
122 2549 233 2618 perstas
248 2548 371 2610 certare,
386 2534 485 2596 locum
499 2531 653 2605 redeamus
668 2533 698 2595 in
712 2535 822 2597 ullum:

71 2629 183 2695 Redde
197 2632 324 2707 hostem,
339 2629 505 2717 vulnusque
520 2641 616 2706 tuum,
629 2631 805 2714 solitumque
820 2631 972 2696 timorem:

70 2724 148 2789 Post
161 2727 362 2809 clypeumque
377 2726 436 2787 late
449 2720 461 2786 ἱ
480 2738 510 2788 et
519 2720 643 2788 mecum
656 2728 803 2807 contende
817 2728 872 2791 sub
886 2730 947 2792 illo.

71 2819 118 2882 At
132 2835 289 2904 postquam
303 2821 417 2903 eripuit
436 2823 485 2883 e'ui
498 2823 593 2883 standi
609 2812 730 2884 vulnera
746 2824 821 2885 vires
1005 2828 1049 2890 80

71 2914 144 2979 Non
159 2915 310 2992 dederant,
324 2916 549 2977 nullutnrdatus
564 2917 685 2978 vulnere
696 2916 779 2997 firgit.

117 3011 232 3075 Hector
245 3012 338 3088 adest,
352 3031 515 3093 secumque
531 3012 602 3072 deos
617 3012 646 3073 in
662 3013 767 3093 proclia
779 3013 882 3076 ducit:

73 3107 208 3192 Quaque
223 3110 290 3186 ruit,
304 3131 364 3171 non
379 3122 411 3169 tu
425 3110 540 3170 tantdm
555 3110 681 3186 terreris,
697 3109 819 3194 Ulysse,

72 3205 137 3269 Sed
151 3204 240 3268 sortes
255 3207 363 3267 etiam:
387 3219 502 3267 tanturn
517 3206 604 3268 trahit
618 3207 667 3268 ille
682 3208 802 3270 timoris.

72 3300 173 3364 Hune'
181 3321 238 3381 ego
253 3287 418 3382 sanguinem
433 3323 571 3363 successu
586 3303 674 3365 caedis
689 3317 827 3366 ovantem
1004 3304 1048 3367 85

11 3463 14 3467 ,
72 3395 220 3459 Cominus
235 3397 346 3477 ingenti
360 3396 531 3479 resupinum
546 3398 675 3478 pondere
690 3398 763 3460 fudi.

73 3489 165 3556 Hune
181 3513 237 3575 ego
252 3486 436 3593 poscentem,
452 3512 521 3554 cum
536 3512 595 3576 quo
609 3504 805 3571 concurreret,
819 3511 896 3554 unus
