2348 4102
509 391 615 441 LIBER
634 393 667 441 11.

95 537 168 602 Non
185 539 351 600 auditumm
365 539 485 600 miseras
500 538 689 602 Pha'e'thonta
704 542 837 623 querelas

95 633 198 696 Nocte
214 635 320 715 dieque
336 647 458 696 vocant:
481 636 744 719 adsternunturque
759 637 904 718 sepulcro.

94 729 187 791 Luna
202 743 305 811 quater
314 729 423 811 junctis
437 731 573 811 impldmt
587 732 723 792 cornibus
738 734 856 794 orbem:

95 823 157 886 Illae
174 845 256 885 more
271 846 325 886 suo
341 823 425 910 (narn
439 847 551 887 morem
568 826 677 888 fecerat
691 828 776 912 usus)

96 918 277 999 Plangorem
291 921 444 981 dederant.
490 921 518 980 E
534 922 597 1002 quis
613 923 786 983 Phaethusa
801 944 931 984 sororum
1008 927 1071 988 345

97 1013 245 1090 Maxima,
258 1016 327 1077 curn
343 1016 433 1076 vellet
447 1029 533 1076 terrae
549 1018 752 1098 procumbere,
769 1032 872 1101 questa
887 1032 931 1081 est

97 1109 262 1190 Diriguisse
276 1110 385 1192 pedes:
409 1112 446 1171 ad
463 1133 551 1193 quarn
566 1127 672 1174 conata
687 1115 787 1176 venire

98 1204 234 1266 Candida
249 1205 417 1287 Lampetie,
433 1208 529 1268 subita
543 1209 640 1269 radice
655 1222 768 1270 retenta
783 1224 838 1271 est.

96 1299 211 1375 Tertia,
226 1303 293 1360 crim
308 1303 418 1363 crinem
433 1304 566 1364 manibus
580 1305 689 1364 laniare
705 1319 830 1386 pararet,

96 1396 210 1457 Avellit
225 1394 351 1457 frondes.
396 1397 471 1459 Haec
486 1400 584 1480 stipite
599 1420 683 1461 cmra
697 1401 800 1476 teneri,
1008 1403 1072 1464 350

96 1489 150 1552 Illa
165 1491 246 1552 dolet
260 1492 322 1552 fieri
336 1493 439 1571 longos
453 1514 506 1553 sua
519 1495 639 1555 brachia
653 1517 759 1556 ramos.

96 1584 181 1658 Quid
195 1584 283 1647 saciat
298 1589 412 1647 mater?
434 1587 498 1661 nisi,
515 1589 573 1668 qud
588 1590 684 1648 trahat
697 1590 825 1667 impetus
841 1591 931 1664 illam,

96 1679 167 1742 Huc
182 1694 240 1755 eat,
257 1694 346 1762 atque
362 1681 452 1742 illuc?
474 1696 514 1756 et,
530 1682 601 1742 dum
615 1683 694 1758 licet,
709 1683 809 1743 oscula
819 1683 944 1766 jungat?

96 1774 166 1839 Non
180 1777 249 1838 satis
264 1789 320 1837 est.
365 1776 491 1838 Truncis
507 1779 634 1838 avellere
650 1800 773 1859 corpora
788 1791 901 1857 tentat3
1055 1857 1059 1861 ἡ

96 1870 138 1933 Et
152 1885 269 1933 teneros
284 1871 417 1932 manibus
431 1894 528 1933 ramos
543 1873 734 1954 abrumpere:
758 1874 870 1935 atinde
1008 1877 1072 1937 355

96 1966 276 2047 Sanguineae
291 1980 420 2042 manant,
435 1980 575 2048 tanquam
592 1968 629 2026 de
645 1968 777 2042 vulnere,
792 1981 891 2048 guttae.

97 2060 223 2137 ‘Parce,
238 2083 353 2143 precor,
369 2063 482 2138 mater,'
500 2084 680 2145 quaecunque
696 2076 740 2124 est
754 2063 862 2138 saucia,
878 2062 1002 2125 clamat:

97 2156 222 2232 ‘Parce,
237 2178 357 2238 precor:
380 2171 511 2218 nostmm
525 2158 650 2219 laniatur
664 2160 693 2219 in
709 2160 811 2219 arbore
825 2179 941 2240 corpus.

95 2238 224 2333 Jamque
240 2253 328 2313 vale.'
373 2252 488 2314 Cortex
503 2254 533 2314 in
548 2255 638 2315 verba
651 2255 809 2316 novissima
824 2254 915 2316 venit.

96 2345 170 2407 Inde
185 2346 281 2408 fluunt
296 2348 451 2427 lacrymae:
475 2349 639 2429 stillataque
656 2350 718 2409 sole
734 2350 881 2429 rigescunt
1007 2348 1071 2410 360
1154 2426 1162 2433 .

96 2439 147 2501 De
161 2442 247 2502 ramis
262 2442 374 2502 electra
387 2441 487 2500 novis:
512 2463 575 2520 quae
591 2442 702 2502 lucidus
718 2444 811 2503 amnis
1142 2440 1166 2457 “’

97 2534 228 2620 Excipit,
244 2549 275 2598 et
289 2535 410 2597 nuribus
424 2535 512 2596 mittit
526 2536 669 2614 gestanda
683 2536 808 2597 Latinis.

445 2785 590 2826 mtrem·
602 2785 721 2826 DOMUS·

447 2899 449 2903 Ι
523 2965 554 3003 v.
570 2945 644 3004 760.

95 3121 235 3184 Protinus
248 3121 380 3198 Invidiae,
396 3122 479 3201 nigro
494 3120 667 3203 squallentia
681 3121 760 3197 tabo,

95 3218 195 3280 Tecta
208 3220 294 3301 petit.
338 3219 455 3282 Domus
470 3233 514 3280 est
528 3219 592 3280 imis
607 3218 636 3280 in
652 3218 775 3279 vallibus
789 3219 863 3280 antri

96 3315 218 3390 Abdita,
233 3316 295 3376 sole
310 3336 423 3391 carens,
438 3337 496 3375 non
511 3316 562 3375 ulli
576 3314 679 3396 pervia
693 3327 801 3388 vento;
1006 3313 1069 3375 365

95 3408 213 3487 'Ibisne
229 3425 260 3472 et
273 3411 372 3492 ignavi
386 3411 555 3494 plenissima
569 3409 697 3490 frigoris3
720 3423 750 3470 et
765 3429 828 3489 qua
892 3492 895 3496 Δ

98 3504 171 3591 lgne
186 3520 272 3571 vacet
286 3527 413 3590 semper,
425 3506 551 3588 caligine
565 3527 683 3590 semper
697 3503 836 3567 abundet.
