<?xml version="1.0" encoding="UTF-8"?>
<!DOCTYPE html PUBLIC "-//W3C//DTD XHTML 1.0 Transitional//EN"
    "http://www.w3.org/TR/xhtml1/DTD/xhtml1-transitional.dtd">
<html xmlns="http://www.w3.org/1999/xhtml" xml:lang="en" lang="en">
 <head>
  <title>
</title>
<meta http-equiv="Content-Type" content="text/html;charset=utf-8" />
  <meta name='ocr-system' content='tesseract 3.04.00' />
  <meta name='ocr-capabilities' content='ocr_page ocr_carea ocr_par ocr_line ocrx_word'/>
</head>
<body>
  <div class='ocr_page' id='page_1' title='image "./excerptaexscrip00goulgoog_0105.png"; bbox 0 0 2348 4102; ppageno 0'>
   <div class='ocr_carea' id='block_1_1' title="bbox 99 347 743 424">
    <p class='ocr_par' dir='ltr' id='par_1_1' title="bbox 99 347 743 424">
     <span class='ocr_line' id='line_1_1' title="bbox 99 347 743 424; baseline 0 0"><span class='ocrx_word' id='word_1_1' title='bbox 99 363 142 424; x_wconf 78' lang='lat'>92</span> <span class='ocrx_word' id='word_1_2' title='bbox 396 347 743 424; x_wconf 74' lang='lat' dir='ltr'>narnnonrrrosnou</span> 
     </span>
    </p>
   </div>
   <div class='ocr_carea' id='block_1_2' title="bbox 32 515 1069 2311">
    <p class='ocr_par' dir='ltr' id='par_1_2' title="bbox 32 515 1069 2311">
     <span class='ocr_line' id='line_1_2' title="bbox 99 515 862 600; baseline 0.001 -20"><span class='ocrx_word' id='word_1_3' title='bbox 99 515 265 580; x_wconf 85' lang='lat' dir='ltr'>Consilium</span> <span class='ocrx_word' id='word_1_4' title='bbox 279 518 391 599; x_wconf 88' lang='lat' dir='ltr'>superis</span> <span class='ocrx_word' id='word_1_5' title='bbox 406 520 500 600; x_wconf 88' lang='lat' dir='ltr'>aperit</span> <span class='ocrx_word' id='word_1_6' title='bbox 513 540 671 580; x_wconf 85' lang='lat' dir='ltr'>commune</span> <span class='ocrx_word' id='word_1_7' title='bbox 687 519 862 582; x_wconf 84' lang='lat' dir='ltr'>Philemon:</span> 
     </span>
     <span class='ocr_line' id='line_1_3' title="bbox 98 611 886 696; baseline 0.005 -23"><span class='ocrx_word' id='word_1_8' title='bbox 98 611 204 673; x_wconf 83' lang='lat' dir='ltr'>“Esse</span> <span class='ocrx_word' id='word_1_9' title='bbox 218 613 397 688; x_wconf 85' lang='lat' dir='ltr'>sacerdotes,</span> <span class='ocrx_word' id='word_1_10' title='bbox 412 614 592 696; x_wconf 85' lang='lat' dir='ltr'><strong>delubraque</strong></span> <span class='ocrx_word' id='word_1_11' title='bbox 607 628 704 675; x_wconf 83' lang='lat' dir='ltr'>vestra</span> <span class='ocrx_word' id='word_1_12' title='bbox 718 616 794 677; x_wconf 91' lang='lat' dir='ltr'>tueri</span> <span class='ocrx_word' id='word_1_13' title='bbox 883 639 886 646; x_wconf 81' lang='grc'><strong>’</strong></span> 
     </span>
     <span class='ocr_line' id='line_1_4' title="bbox 96 705 938 791; baseline 0.004 -22"><span class='ocrx_word' id='word_1_14' title='bbox 96 705 269 769; x_wconf 88' lang='lat' dir='ltr'>Poscimus:</span> <span class='ocrx_word' id='word_1_15' title='bbox 291 722 322 770; x_wconf 89' lang='lat' dir='ltr'>et</span> <span class='ocrx_word' id='word_1_16' title='bbox 337 710 474 791; x_wconf 90' lang='lat' dir='ltr'>quoniam</span> <span class='ocrx_word' id='word_1_17' title='bbox 487 709 647 770; x_wconf 83' lang='lat' dir='ltr'><strong>concordes</strong></span> <span class='ocrx_word' id='word_1_18' title='bbox 662 711 776 790; x_wconf 83' lang='lat' dir='ltr'>egimus</span> <span class='ocrx_word' id='word_1_19' title='bbox 790 730 899 785; x_wconf 85' lang='lat' dir='ltr'>annos3</span> <span class='ocrx_word' id='word_1_20' title='bbox 936 775 938 779; x_wconf 11' lang='grc' dir='ltr'><em>Α</em></span> 
     </span>
     <span class='ocr_line' id='line_1_5' title="bbox 97 801 899 887; baseline 0.004 -24"><span class='ocrx_word' id='word_1_21' title='bbox 97 801 222 865; x_wconf 84' lang='lat' dir='ltr'>Auserat</span> <span class='ocrx_word' id='word_1_22' title='bbox 236 803 309 865; x_wconf 90' lang='lat' dir='ltr'>hora</span> <span class='ocrx_word' id='word_1_23' title='bbox 323 804 396 866; x_wconf 92' lang='lat' dir='ltr'>duos</span> <span class='ocrx_word' id='word_1_24' title='bbox 410 804 532 866; x_wconf 87' lang='lat' dir='ltr'>eadem:</span> <span class='ocrx_word' id='word_1_25' title='bbox 555 825 612 865; x_wconf 91' lang='lat' dir='ltr'>nec</span> <span class='ocrx_word' id='word_1_26' title='bbox 625 804 757 887; x_wconf 85' lang='lat' dir='ltr'>conjugis</span> <span class='ocrx_word' id='word_1_27' title='bbox 768 826 899 886; x_wconf 89' lang='lat' dir='ltr'>unquam</span> 
     </span>
     <span class='ocr_line' id='line_1_6' title="bbox 97 897 1063 976; baseline 0.001 -17"><span class='ocrx_word' id='word_1_28' title='bbox 97 897 192 960; x_wconf 87' lang='lat' dir='ltr'>Busta</span> <span class='ocrx_word' id='word_1_29' title='bbox 205 921 280 961; x_wconf 87' lang='lat' dir='ltr'>meae</span> <span class='ocrx_word' id='word_1_30' title='bbox 295 900 430 976; x_wconf 86' lang='lat' dir='ltr'>videam3</span> <span class='ocrx_word' id='word_1_31' title='bbox 451 921 511 961; x_wconf 91' lang='lat' dir='ltr'>neu</span> <span class='ocrx_word' id='word_1_32' title='bbox 526 900 581 960; x_wconf 91' lang='lat' dir='ltr'>sim</span> <span class='ocrx_word' id='word_1_33' title='bbox 596 900 784 961; x_wconf 87' lang='lat' dir='ltr'>tumulandus</span> <span class='ocrx_word' id='word_1_34' title='bbox 799 901 836 961; x_wconf 93' lang='lat' dir='ltr'>ab</span> <span class='ocrx_word' id='word_1_35' title='bbox 851 900 934 961; x_wconf 76' lang='lat' dir='ltr'>illh.&#39;&#39;</span> <span class='ocrx_word' id='word_1_36' title='bbox 966 935 972 945; x_wconf 89' lang='lat'><em>·</em></span> <span class='ocrx_word' id='word_1_37' title='bbox 1060 910 1063 916; x_wconf 74' lang='grc'>“</span> 
     </span>
     <span class='ocr_line' id='line_1_7' title="bbox 69 982 807 1078; baseline 0.004 -24"><span class='ocrx_word' id='word_1_38' title='bbox 69 982 72 988; x_wconf 63' lang='grc'><strong>’</strong></span> <span class='ocrx_word' id='word_1_39' title='bbox 141 993 221 1056; x_wconf 87' lang='lat' dir='ltr'>Vota</span> <span class='ocrx_word' id='word_1_40' title='bbox 234 996 307 1057; x_wconf 88' lang='lat' dir='ltr'>fides</span> <span class='ocrx_word' id='word_1_41' title='bbox 322 996 468 1078; x_wconf 86' lang='lat' dir='ltr'>sequitur:</span> <span class='ocrx_word' id='word_1_42' title='bbox 491 995 594 1076; x_wconf 84' lang='lat' dir='ltr'>templi</span> <span class='ocrx_word' id='word_1_43' title='bbox 608 996 701 1056; x_wconf 89' lang='lat' dir='ltr'>tutela</span> <span class='ocrx_word' id='word_1_44' title='bbox 715 993 807 1071; x_wconf 69' lang='lat' dir='ltr'>firdre,</span> 
     </span>
     <span class='ocr_line' id='line_1_8' title="bbox 97 1088 1069 1172; baseline 0.002 -21"><span class='ocrx_word' id='word_1_45' title='bbox 97 1088 206 1153; x_wconf 91' lang='lat' dir='ltr'>Donec</span> <span class='ocrx_word' id='word_1_46' title='bbox 220 1092 280 1152; x_wconf 89' lang='lat' dir='ltr'>vita</span> <span class='ocrx_word' id='word_1_47' title='bbox 295 1090 363 1152; x_wconf 90' lang='lat' dir='ltr'>data</span> <span class='ocrx_word' id='word_1_48' title='bbox 377 1104 432 1152; x_wconf 91' lang='lat' dir='ltr'>est.</span> <span class='ocrx_word' id='word_1_49' title='bbox 476 1089 573 1150; x_wconf 87' lang='lat' dir='ltr'>Annis</span> <span class='ocrx_word' id='word_1_50' title='bbox 589 1111 709 1172; x_wconf 84' lang='lat' dir='ltr'>aevoque</span> <span class='ocrx_word' id='word_1_51' title='bbox 724 1091 810 1151; x_wconf 88' lang='lat' dir='ltr'>soluti</span> <span class='ocrx_word' id='word_1_52' title='bbox 1012 1095 1069 1153; x_wconf 75' lang='lat'>170</span> 
     </span>
     <span class='ocr_line' id='line_1_9' title="bbox 96 1184 849 1266; baseline -0.003 -20"><span class='ocrx_word' id='word_1_53' title='bbox 96 1184 179 1247; x_wconf 89' lang='lat' dir='ltr'>Ante</span> <span class='ocrx_word' id='word_1_54' title='bbox 194 1186 300 1265; x_wconf 87' lang='lat' dir='ltr'>gradus</span> <span class='ocrx_word' id='word_1_55' title='bbox 314 1206 411 1247; x_wconf 89' lang='lat' dir='ltr'>sacros</span> <span class='ocrx_word' id='word_1_56' title='bbox 425 1185 495 1246; x_wconf 81' lang='lat' dir='ltr'>clun</span> <span class='ocrx_word' id='word_1_57' title='bbox 509 1198 619 1246; x_wconf 89' lang='lat' dir='ltr'>starent</span> <span class='ocrx_word' id='word_1_58' title='bbox 634 1184 719 1259; x_wconf 74' lang='lat' dir='ltr'>sorte,</span> <span class='ocrx_word' id='word_1_59' title='bbox 733 1184 849 1266; x_wconf 81' lang='lat' dir='ltr'>locique</span> 
     </span>
     <span class='ocr_line' id='line_1_10' title="bbox 96 1277 865 1361; baseline -0.001 -21"><span class='ocrx_word' id='word_1_60' title='bbox 96 1277 266 1361; x_wconf 86' lang='lat' dir='ltr'>Inciperent</span> <span class='ocrx_word' id='word_1_61' title='bbox 280 1301 383 1355; x_wconf 89' lang='lat' dir='ltr'>oasus;</span> <span class='ocrx_word' id='word_1_62' title='bbox 405 1279 539 1340; x_wconf 79' lang='lat' dir='ltr'>frondere</span> <span class='ocrx_word' id='word_1_63' title='bbox 554 1279 732 1340; x_wconf 83' lang='lat' dir='ltr'>Philemona</span> <span class='ocrx_word' id='word_1_64' title='bbox 745 1278 865 1354; x_wconf 86' lang='lat' dir='ltr'>Baucis,</span> 
     </span>
     <span class='ocr_line' id='line_1_11' title="bbox 100 1372 846 1456; baseline 0 -20"><span class='ocrx_word' id='word_1_65' title='bbox 100 1374 232 1436; x_wconf 86' lang='lat' dir='ltr'>Baucida</span> <span class='ocrx_word' id='word_1_66' title='bbox 246 1374 403 1456; x_wconf 82' lang='lat' dir='ltr'>conspexit</span> <span class='ocrx_word' id='word_1_67' title='bbox 416 1373 513 1434; x_wconf 89' lang='lat' dir='ltr'>senior</span> <span class='ocrx_word' id='word_1_68' title='bbox 527 1372 662 1434; x_wconf 80' lang='lat' dir='ltr'>frondere</span> <span class='ocrx_word' id='word_1_69' title='bbox 677 1373 846 1436; x_wconf 89' lang='lat' dir='ltr'>Philemon.</span> 
     </span>
     <span class='ocr_line' id='line_1_12' title="bbox 96 1469 911 1553; baseline -0.001 -23"><span class='ocrx_word' id='word_1_70' title='bbox 96 1469 225 1553; x_wconf 88' lang='lat' dir='ltr'>Jamque</span> <span class='ocrx_word' id='word_1_71' title='bbox 240 1491 329 1552; x_wconf 89' lang='lat' dir='ltr'>super</span> <span class='ocrx_word' id='word_1_72' title='bbox 343 1470 454 1550; x_wconf 85' lang='lat' dir='ltr'>gelidos</span> <span class='ocrx_word' id='word_1_73' title='bbox 468 1482 619 1530; x_wconf 87' lang='lat' dir='ltr'>crescente</span> <span class='ocrx_word' id='word_1_74' title='bbox 634 1470 788 1530; x_wconf 85' lang='lat' dir='ltr'>cacumine</span> <span class='ocrx_word' id='word_1_75' title='bbox 804 1469 911 1546; x_wconf 90' lang='lat' dir='ltr'>vultus,</span> 
     </span>
     <span class='ocr_line' id='line_1_13' title="bbox 96 1563 898 1646; baseline -0.004 -19"><span class='ocrx_word' id='word_1_76' title='bbox 96 1563 215 1641; x_wconf 88' lang='lat' dir='ltr'>Mutua,</span> <span class='ocrx_word' id='word_1_77' title='bbox 231 1566 302 1627; x_wconf 93' lang='lat' dir='ltr'>dum</span> <span class='ocrx_word' id='word_1_78' title='bbox 315 1565 408 1641; x_wconf 91' lang='lat' dir='ltr'>licuit,</span> <span class='ocrx_word' id='word_1_79' title='bbox 423 1565 586 1626; x_wconf 86' lang='lat' dir='ltr'>reddebant</span> <span class='ocrx_word' id='word_1_80' title='bbox 600 1564 696 1638; x_wconf 84' lang='lat' dir='ltr'>dicta3</span> <span class='ocrx_word' id='word_1_81' title='bbox 720 1571 739 1600; x_wconf 78' lang='lat'>‘⁶</span> <span class='ocrx_word' id='word_1_82' title='bbox 750 1563 898 1646; x_wconf 79' lang='lat' dir='ltr'>valeque,</span> 
     </span>
     <span class='ocr_line' id='line_1_14' title="bbox 97 1657 816 1743; baseline -0.003 -23"><span class='ocrx_word' id='word_1_83' title='bbox 97 1657 127 1720; x_wconf 94' lang='grc' dir='ltr'>Ο</span> <span class='ocrx_word' id='word_1_84' title='bbox 142 1660 284 1743; x_wconf 83' lang='lat' dir='ltr'>conjux,⁷&#39;</span> <span class='ocrx_word' id='word_1_85' title='bbox 301 1661 404 1722; x_wconf 66' lang='lat' dir='ltr'>dixere</span> <span class='ocrx_word' id='word_1_86' title='bbox 418 1661 515 1734; x_wconf 88' lang='lat' dir='ltr'>simul,</span> <span class='ocrx_word' id='word_1_87' title='bbox 527 1660 613 1721; x_wconf 91' lang='lat' dir='ltr'>simul</span> <span class='ocrx_word' id='word_1_88' title='bbox 629 1659 727 1719; x_wconf 91' lang='lat' dir='ltr'>abdita</span> <span class='ocrx_word' id='word_1_89' title='bbox 741 1660 816 1719; x_wconf 86' lang='lat' dir='ltr'>texit</span> 
     </span>
     <span class='ocr_line' id='line_1_15' title="bbox 96 1752 818 1832; baseline -0.003 -17"><span class='ocrx_word' id='word_1_90' title='bbox 96 1752 160 1814; x_wconf 92' lang='lat' dir='ltr'>Ora</span> <span class='ocrx_word' id='word_1_91' title='bbox 174 1754 281 1815; x_wconf 86' lang='lat' dir='ltr'>frutex.</span> <span class='ocrx_word' id='word_1_92' title='bbox 326 1753 466 1815; x_wconf 89' lang='lat' dir='ltr'>Ostendit</span> <span class='ocrx_word' id='word_1_93' title='bbox 480 1753 576 1814; x_wconf 91' lang='lat' dir='ltr'>adhuc</span> <span class='ocrx_word' id='word_1_94' title='bbox 591 1752 744 1832; x_wconf 87' lang='lat' dir='ltr'>Tyaneius</span> <span class='ocrx_word' id='word_1_95' title='bbox 759 1752 818 1813; x_wconf 89' lang='lat' dir='ltr'>illic</span> 
     </span>
     <span class='ocr_line' id='line_1_16' title="bbox 96 1847 769 1930; baseline -0.004 -20"><span class='ocrx_word' id='word_1_96' title='bbox 96 1847 198 1910; x_wconf 89' lang='lat' dir='ltr'>Incola</span> <span class='ocrx_word' id='word_1_97' title='bbox 213 1850 250 1911; x_wconf 92' lang='lat' dir='ltr'>de</span> <span class='ocrx_word' id='word_1_98' title='bbox 265 1849 384 1930; x_wconf 69' lang='lat' dir='ltr'>gemina</span> <span class='ocrx_word' id='word_1_99' title='bbox 398 1849 509 1911; x_wconf 88' lang='lat' dir='ltr'>vicinos</span> <span class='ocrx_word' id='word_1_100' title='bbox 524 1848 626 1909; x_wconf 86' lang='lat' dir='ltr'>arbore</span> <span class='ocrx_word' id='word_1_101' title='bbox 641 1861 769 1908; x_wconf 86' lang='lat' dir='ltr'>truncos.</span> 
     </span>
     <span class='ocr_line' id='line_1_17' title="bbox 97 1940 940 2029; baseline 0 -24"><span class='ocrx_word' id='word_1_102' title='bbox 97 1942 172 2006; x_wconf 89' lang='lat' dir='ltr'>Haec</span> <span class='ocrx_word' id='word_1_103' title='bbox 186 1946 258 2007; x_wconf 90' lang='lat' dir='ltr'>mihi</span> <span class='ocrx_word' id='word_1_104' title='bbox 273 1967 332 2008; x_wconf 91' lang='lat' dir='ltr'>non</span> <span class='ocrx_word' id='word_1_105' title='bbox 347 1945 414 2007; x_wconf 85' lang='lat' dir='ltr'>vani</span> <span class='ocrx_word' id='word_1_106' title='bbox 431 1944 542 2029; x_wconf 90' lang='lat' dir='ltr'>(neque</span> <span class='ocrx_word' id='word_1_107' title='bbox 558 1956 619 2005; x_wconf 87' lang='lat' dir='ltr'>erat</span> <span class='ocrx_word' id='word_1_108' title='bbox 634 1964 687 2004; x_wconf 92' lang='lat' dir='ltr'>cur</span> <span class='ocrx_word' id='word_1_109' title='bbox 700 1940 799 2004; x_wconf 81' lang='lat' dir='ltr'>fallere</span> <span class='ocrx_word' id='word_1_110' title='bbox 814 1943 940 2027; x_wconf 87' lang='lat' dir='ltr'>vellent)</span> 
     </span>
     <span class='ocr_line' id='line_1_18' title="bbox 32 2038 820 2122; baseline -0.003 -20"><span class='ocrx_word' id='word_1_111' title='bbox 32 2096 34 2102; x_wconf 87' lang='grc'><em>,</em></span> <span class='ocrx_word' id='word_1_112' title='bbox 97 2038 263 2102; x_wconf 71' lang='lat' dir='ltr'>Narravdre</span> <span class='ocrx_word' id='word_1_113' title='bbox 278 2061 374 2102; x_wconf 81' lang='lat' dir='ltr'>senes.</span> <span class='ocrx_word' id='word_1_114' title='bbox 419 2038 570 2122; x_wconf 86' lang='lat' dir='ltr'>Equidem</span> <span class='ocrx_word' id='word_1_115' title='bbox 585 2039 747 2121; x_wconf 89' lang='lat' dir='ltr'>pendentia</span> <span class='ocrx_word' id='word_1_116' title='bbox 762 2039 820 2100; x_wconf 91' lang='lat' dir='ltr'>vidi</span> 
     </span>
     <span class='ocr_line' id='line_1_19' title="bbox 97 2133 849 2216; baseline 0.001 -22"><span class='ocrx_word' id='word_1_117' title='bbox 97 2133 183 2195; x_wconf 89' lang='lat' dir='ltr'>Serta</span> <span class='ocrx_word' id='word_1_118' title='bbox 196 2157 286 2216; x_wconf 90' lang='lat' dir='ltr'>super</span> <span class='ocrx_word' id='word_1_119' title='bbox 300 2155 412 2195; x_wconf 90' lang='lat' dir='ltr'>ramos:</span> <span class='ocrx_word' id='word_1_120' title='bbox 435 2154 608 2215; x_wconf 90' lang='lat' dir='ltr'>ponensque</span> <span class='ocrx_word' id='word_1_121' title='bbox 623 2133 761 2208; x_wconf 86' lang='lat' dir='ltr'>recentia,</span> <span class='ocrx_word' id='word_1_122' title='bbox 777 2133 849 2210; x_wconf 85' lang='lat' dir='ltr'>dixi,</span> 
     </span>
     <span class='ocr_line' id='line_1_20' title="bbox 98 2226 863 2311; baseline 0.001 -22"><span class='ocrx_word' id='word_1_123' title='bbox 98 2234 117 2264; x_wconf 90' lang='lat'>“</span> <span class='ocrx_word' id='word_1_124' title='bbox 126 2226 209 2289; x_wconf 90' lang='lat' dir='ltr'>Cura</span> <span class='ocrx_word' id='word_1_125' title='bbox 223 2230 264 2311; x_wconf 93' lang='lat' dir='ltr'>pii</span> <span class='ocrx_word' id='word_1_126' title='bbox 278 2229 323 2290; x_wconf 83' lang='lat' dir='ltr'>dis</span> <span class='ocrx_word' id='word_1_127' title='bbox 337 2240 415 2302; x_wconf 88' lang='lat' dir='ltr'>sunt,</span> <span class='ocrx_word' id='word_1_128' title='bbox 431 2239 471 2302; x_wconf 88' lang='lat' dir='ltr'>et,</span> <span class='ocrx_word' id='word_1_129' title='bbox 487 2228 536 2308; x_wconf 94' lang='lat' dir='ltr'>qui</span> <span class='ocrx_word' id='word_1_130' title='bbox 551 2227 681 2302; x_wconf 71' lang='lat' dir='ltr'>coludre,</span> <span class='ocrx_word' id='word_1_131' title='bbox 696 2228 863 2290; x_wconf 88' lang='lat' dir='ltr'>coluntur.’&#39;</span> 
     </span>
    </p>
   </div>
   <div class='ocr_carea' id='block_1_3' title="bbox 475 2586 790 2690">
    <p class='ocr_par' dir='ltr' id='par_1_3' title="bbox 475 2586 790 2690">
     <span class='ocr_line' id='line_1_21' title="bbox 475 2586 790 2690; baseline 0.006 -1"><span class='ocrx_word' id='word_1_132' title='bbox 475 2627 612 2689; x_wconf 73' lang='lat' dir='ltr'>arnna</span> <span class='ocrx_word' id='word_1_133' title='bbox 628 2627 688 2690; x_wconf 85' lang='lat' dir='ltr'>rx.</span> <span class='ocrx_word' id='word_1_134' title='bbox 787 2586 790 2589; x_wconf 50' lang='grc'>’</span> 
     </span>
    </p>
   </div>
   <div class='ocr_carea' id='block_1_4' title="bbox 427 2829 725 3059">
    <p class='ocr_par' dir='ltr' id='par_1_4' title="bbox 427 2829 725 3059">
     <span class='ocr_line' id='line_1_22' title="bbox 427 2829 725 2879; baseline -0.003 -1"><span class='ocrx_word' id='word_1_135' title='bbox 427 2829 601 2878; x_wconf 69' lang='lat' dir='ltr'><strong>&#39;HERCULIS</strong></span> <span class='ocrx_word' id='word_1_136' title='bbox 631 2837 725 2879; x_wconf 74' lang='lat' dir='ltr'><strong>MORS.</strong></span> 
     </span>
     <span class='ocr_line' id='line_1_23' title="bbox 522 3000 638 3059; baseline 0.017 -2"><span class='ocrx_word' id='word_1_137' title='bbox 522 3018 552 3057; x_wconf 68' lang='lat' dir='ltr'>Vs</span> <span class='ocrx_word' id='word_1_138' title='bbox 567 3000 638 3059; x_wconf 82' lang='grc'><strong>134.</strong></span> 
     </span>
    </p>
   </div>
   <div class='ocr_carea' id='block_1_5' title="bbox 94 3173 909 3544">
    <p class='ocr_par' dir='ltr' id='par_1_5' title="bbox 94 3173 896 3447">
     <span class='ocr_line' id='line_1_24' title="bbox 94 3173 896 3259; baseline 0.004 -23"><span class='ocrx_word' id='word_1_139' title='bbox 94 3175 199 3255; x_wconf 88' lang='lat' dir='ltr'>Longa</span> <span class='ocrx_word' id='word_1_140' title='bbox 213 3173 267 3235; x_wconf 89' lang='lat' dir='ltr'>fuit</span> <span class='ocrx_word' id='word_1_141' title='bbox 280 3175 371 3238; x_wconf 93' lang='lat' dir='ltr'>medii</span> <span class='ocrx_word' id='word_1_142' title='bbox 385 3196 466 3237; x_wconf 86' lang='lat' dir='ltr'>mora</span> <span class='ocrx_word' id='word_1_143' title='bbox 480 3176 635 3256; x_wconf 83' lang='lat' dir='ltr'>temporis:</span> <span class='ocrx_word' id='word_1_144' title='bbox 659 3187 783 3255; x_wconf 87' lang='lat' dir='ltr'>actaque</span> <span class='ocrx_word' id='word_1_145' title='bbox 798 3179 896 3259; x_wconf 85' lang='lat' dir='ltr'>magni</span> 
     </span>
     <span class='ocr_line' id='line_1_25' title="bbox 94 3260 851 3352; baseline 0.003 -20"><span class='ocrx_word' id='word_1_146' title='bbox 94 3270 232 3333; x_wconf 86' lang='lat' dir='ltr'>Herculis</span> <span class='ocrx_word' id='word_1_147' title='bbox 247 3271 403 3352; x_wconf 69' lang='lat' dir='ltr'>implerant</span> <span class='ocrx_word' id='word_1_148' title='bbox 418 3285 519 3347; x_wconf 89' lang='lat' dir='ltr'>terras,</span> <span class='ocrx_word' id='word_1_149' title='bbox 533 3270 692 3351; x_wconf 92' lang='lat' dir='ltr'>odiumque</span> <span class='ocrx_word' id='word_1_150' title='bbox 707 3260 851 3334; x_wconf 80' lang='lat' dir='ltr'>norercae.</span> 
     </span>
     <span class='ocr_line' id='line_1_26' title="bbox 96 3365 767 3447; baseline 0.01 -26"><span class='ocrx_word' id='word_1_151' title='bbox 96 3365 200 3428; x_wconf 91' lang='lat' dir='ltr'>Victor</span> <span class='ocrx_word' id='word_1_152' title='bbox 214 3367 251 3427; x_wconf 90' lang='lat' dir='ltr'>ab</span> <span class='ocrx_word' id='word_1_153' title='bbox 266 3366 407 3428; x_wconf 74' lang='lat' dir='ltr'>OEehalia</span> <span class='ocrx_word' id='word_1_154' title='bbox 421 3366 534 3428; x_wconf 83' lang='lat' dir='ltr'>Cenaeo</span> <span class='ocrx_word' id='word_1_155' title='bbox 548 3385 630 3425; x_wconf 87' lang='lat' dir='ltr'>sacra</span> <span class='ocrx_word' id='word_1_156' title='bbox 645 3367 767 3447; x_wconf 89' lang='lat' dir='ltr'>parabat</span> 
     </span>
    </p>

    <p class='ocr_par' dir='ltr' id='par_1_6' title="bbox 96 3458 909 3544">
     <span class='ocr_line' id='line_1_27' title="bbox 96 3458 909 3544; baseline 0.007 -24"><span class='ocrx_word' id='word_1_157' title='bbox 96 3458 176 3522; x_wconf 88' lang='lat' dir='ltr'>Vota</span> <span class='ocrx_word' id='word_1_158' title='bbox 189 3461 270 3537; x_wconf 88' lang='lat' dir='ltr'>Jovi,</span> <span class='ocrx_word' id='word_1_159' title='bbox 284 3463 354 3525; x_wconf 83' lang='lat' dir='ltr'>cum</span> <span class='ocrx_word' id='word_1_160' title='bbox 368 3459 464 3524; x_wconf 80' lang='lat' dir='ltr'>Fama</span> <span class='ocrx_word' id='word_1_161' title='bbox 477 3460 588 3541; x_wconf 80' lang='lat' dir='ltr'>loquax</span> <span class='ocrx_word' id='word_1_162' title='bbox 603 3461 750 3544; x_wconf 71' lang='lat' dir='ltr'>precessit</span> <span class='ocrx_word' id='word_1_163' title='bbox 763 3462 801 3525; x_wconf 86' lang='lat' dir='ltr'>ad</span> <span class='ocrx_word' id='word_1_164' title='bbox 815 3482 909 3539; x_wconf 80' lang='lat' dir='ltr'>auras,</span> 
     </span>
    </p>
   </div>
   <div class='ocr_carea' id='block_1_6' title="bbox 0 0 1178 4102">
    <p class='ocr_par' dir='ltr' id='par_1_7' title="bbox 0 0 1178 4102">
     <span class='ocr_line' id='line_1_28' title="bbox 0 0 1178 4102; baseline 0 0"><span class='ocrx_word' id='word_1_165' title='bbox 0 0 1178 4102; x_wconf 95' lang='lat' dir='ltr'> </span> 
     </span>
    </p>
   </div>
  </div>
 </body>
</html>
