2348 4102
496 386 605 440 LIBER
623 386 657 438 11.

46 616 49 621 Ι
82 536 272 620 secutaque,
288 551 318 599 et
332 539 432 621 positae
448 538 549 620 spatiis
564 536 722 619 aequalibus
738 533 847 596 Horae:

83 634 210 717 Verque
225 655 335 695 novum
351 636 455 709 stabat,
471 635 600 694 cinctum
616 633 740 693 florente
755 630 881 693 corona:

83 729 191 792 Stabat
205 730 285 790 nuda
300 729 410 805 AEstas,
427 743 456 790 et
471 729 572 810 spicea
586 741 663 789 serta
677 727 807 807 gerebat.

83 824 192 887 Stabat
206 838 237 885 et
251 825 432 901 Autumnus,
447 824 565 885 calcatis
580 823 713 884 sordidus
732 823 808 897 uvis,

85 919 129 981 Et
142 920 271 1000 glacialis
286 919 405 995 HiemS,
420 941 509 981 canos
524 920 635 980 hirsuta
649 919 781 1000 capillos.
1020 921 1063 980 30

128 1014 203 1075 lnde
218 1015 284 1077 loco
299 1016 423 1091 medius,
439 1036 536 1076 rerum
552 1015 681 1075 novitate
696 1027 856 1096 paventem

85 1109 139 1172 Sol
154 1111 247 1172 oculis
258 1111 412 1194 juvenem,
428 1112 532 1193 quibus
548 1111 672 1192 adspicit
686 1110 795 1185 omnia,
808 1109 891 1170 vidit.

85 1212 95 1241 ‘
103 1204 244 1289 Quaeque
259 1207 312 1268 viae
328 1208 379 1269 tibi
393 1209 503 1268 causa?
548 1205 633 1279 Quid
647 1206 725 1281 hac?
742 1206 791 1282 ait,
808 1212 893 1267 ‘arce
908 1203 1020 1286 petisti,
1099 1240 1112 1251 -

84 1300 260 1382 Progenies,
276 1302 446 1379 Phaethon,
461 1302 540 1363 haud
555 1301 709 1364 inficianda
724 1301 837 1382 parenti
847 1301 869 1361 i'

85 1395 141 1458 Ille
155 1397 262 1458 refert:
286 1397 334 1458 ‘O
349 1398 402 1459 lux
416 1399 551 1459 immensi
566 1398 684 1479 publica
698 1398 811 1471 mundi,
1021 1397 1063 1457 35

85 1490 205 1554 Phoebe
221 1507 316 1574 pater,
332 1494 357 1554 si
371 1495 423 1554 das
438 1493 525 1575 hujus
539 1493 611 1553 mihi
625 1492 750 1553 nominis
765 1512 863 1566 usum,

86 1586 216 1667 Pignora
230 1589 280 1663 da,
296 1589 427 1668 genitor3
450 1609 504 1667 per
519 1608 582 1669 quae
597 1600 648 1646 tua
663 1607 732 1649 vera
746 1606 878 1668 propago

86 1681 211 1759 Credat,
228 1696 259 1744 et
274 1683 354 1743 hunc
370 1682 472 1742 animis
487 1702 614 1742 errorem
629 1681 750 1741 detrahe
766 1680 892 1742 nostris.'

86 1777 225 1839 Dixerat.
270 1778 314 1838 At
329 1778 443 1858 genitor
457 1777 567 1839 circum
581 1790 671 1859 caput
686 1796 774 1836 omne
792 1777 935 1838 micantes

86 1873 238 1956 Deposuit
251 1875 365 1950 radios3
388 1875 566 1957 propiiisque
582 1873 723 1934 accedere
734 1871 838 1955 jussit:
1020 1876 1064 1936 40

87 1970 302 2052 Amplexuque
317 1971 397 2046 dato,
413 1969 499 2031 ‘Nec
513 1983 546 2030 tu
561 1989 645 2029 meus
660 1988 725 2029 esse
740 1969 840 2047 negari

87 2062 207 2146 Dignus
221 2087 271 2142 es;
293 2080 323 2127 et
338 2065 489 2149 Clymene
505 2064 611 2140 veros,'
627 2064 677 2139 ait,
694 2063 803 2124 ‘edidit
818 2075 909 2125 ortus.

85 2159 222 2242 Quoque
237 2162 332 2222 minda
348 2162 481 2237 dubites;
504 2161 628 2244 quodvis
643 2174 713 2242 pete
728 2181 851 2220 munus:
876 2158 1005 2235 utillud,

85 2254 142 2316 Me
158 2246 313 2333 tribuente,
330 2257 415 2319 seras.
459 2257 614 2319 Promissis
629 2257 711 2319 testis
726 2257 828 2319 adesto

86 2350 146 2412 Dis
161 2351 287 2435 juranda
302 2355 397 2435 paluS,
411 2352 503 2415 oculis
518 2354 666 2434 incognita
679 2352 806 2415 nostris.'
1021 2351 1063 2414 45

88 2445 152 2508 vix
164 2449 243 2510 bene
259 2448 402 2508 desierat:
425 2469 525 2508 currus
540 2461 623 2526 rogat
637 2448 686 2507 ille
702 2461 848 2528 paternos,

86 2540 182 2625 Inque
198 2544 278 2605 diem
294 2543 443 2625 alipedum
455 2541 505 2626 jus
520 2555 550 2602 et
565 2541 754 2602 moderamen
770 2560 924 2622 equomm.

86 2637 232 2729 Poenituit
242 2639 357 2722 jurasse
373 2652 496 2721 patrem.
542 2637 607 2711 Qui
621 2651 724 2719 terque
739 2651 901 2720 quaterque

86 2732 271 2796 Concutiens
287 2735 396 2797 illustre
411 2749 511 2817 caput,
527 2733 739 2810 ‘Temeraria'
756 2734 841 2810 dixit,

87 2836 96 2866 ‘
110 2828 182 2892 Vox
197 2852 265 2893 mea
280 2832 357 2893 sacta
370 2830 424 2893 tua
438 2845 492 2892 est.
538 2830 661 2893 Utinam
677 2832 818 2911 promissa
833 2830 935 2892 liceret
1021 2833 1063 2894 50

86 2924 157 2987 Non
173 2926 241 2988 dare
249 2929 260 2988 l
283 2927 437 2990 Confiteor
451 2929 547 2989 solum
561 2928 618 2988 hoc
633 2925 695 2998 tibi,
710 2938 789 3000 nate,
805 2945 954 3004 negarem.

38 3014 267 3085 NJissuadere
282 3024 361 3086 licet.
407 3022 475 3084 Non
492 3036 537 3083 est
551 3035 602 3083 tua
616 3033 680 3081 tuta
694 3021 839 3102 voluntas.

86 3116 201 3199 Magna
215 3121 302 3201 petis,
318 3119 488 3196 Phaethon,
504 3132 534 3180 et
550 3141 613 3201 quae
628 3138 684 3179 uec
700 3118 807 3179 viribus
821 3119 882 3181 istis

87 3213 216 3276 Munera
229 3218 417 3293 conveniant,
432 3238 489 3278 nec
504 3230 564 3278 tam
580 3215 739 3298 puerilibus
755 3216 848 3279 annia.

86 3309 156 3373 Sors
172 3325 222 3373 tua
243 3314 390 3375 mortalis:
414 3335 472 3374 non
488 3327 534 3374 est
548 3313 671 3373 mortale
687 3313 766 3398 quod
780 3326 875 3395 optas.
1021 3316 1063 3374 55

76 3405 160 3468 ·Plus
175 3409 275 3485 etiam,
292 3410 381 3491 quam
397 3410 475 3493 quod
491 3409 603 3490 superis
618 3408 787 3489 contingere
803 3408 907 3484 fassit,

87 3502 214 3567 Nescius
230 3506 362 3569 affectas.
407 3505 531 3567 Placeat
545 3505 598 3567 sibi
614 3506 737 3588 quisque
751 3503 869 3581 hcebit;
