2348 4102
479 365 587 420 LIBER
610 367 684 422 XIII.

97 510 244 592 latravit,
259 528 364 578 conata
377 517 468 600 loqui.
512 517 614 581 Locus
629 532 737 598 exstat,
752 531 783 580 et
795 513 883 582 exre
981 553 990 591 η

98 606 220 672 Nomen
236 611 342 674 habet:
365 627 558 696 veterumque
573 614 623 677 diu
637 636 752 678 memor
765 615 815 680 illa
828 615 983 691 malorum,

96 704 182 768 Tum
198 728 315 789 quoque
331 707 478 771 Sithonios
493 709 616 774 ululavit
629 725 737 789 moesta
751 733 805 793 per
818 731 914 793 agros.

98 799 182 863 lllius
196 801 350 885 Troasque
365 824 443 880 suos,
458 797 617 887 hostesque
631 804 785 886 Pelasgos,
1011 806 1075 869 565

98 895 181 958 lllius
196 894 310 959 fortuna
325 899 396 960 deos
412 920 532 983 quoque
541 888 678 981 ⁸⁴moverat
692 921 812 962 omnes:

98 991 151 1053 Sic
165 1013 277 1069 omnes,
292 1007 325 1055 ut
341 1010 371 1056 et
384 995 449 1078 ipsa
462 994 546 1057 Jovis
555 988 730 1080 bcnjuxque
744 1017 883 1079 sororque

99 1086 235 1150 Eventus
250 1087 408 1152 Hecubam
415 1090 564 1154 ineruisse
579 1094 730 1174 negaverit
744 1094 818 1156 illos.

265 1291 430 1334 uarrroms
454 1293 593 1336 crunnus
616 1295 651 1343 ru
673 1294 752 1347 aras
775 1278 910 1356 uuam.
979 1321 987 1332 -‚

525 1461 556 1501 v.
573 1443 646 1503 576.

139 1565 211 1630 Non
227 1582 313 1630 vacat
326 1567 459 1644 Aurora,
476 1589 643 1651 quanquam
657 1568 753 1631 isdem
767 1570 880 1633 faverat
893 1573 990 1650 annis,

96 1663 254 1738 Cladibus,
269 1676 300 1725 et
315 1684 384 1724 casu
399 1663 557 1747 Trojaeque
573 1663 766 1748 Hecubaeque
781 1667 904 1746 moveri.
1012 1670 1076 1731 570

96 1758 181 1823 Cura
196 1759 283 1821 deam
297 1760 426 1842 propior,
440 1760 596 1844 luctusque
612 1761 789 1824 domesticus
804 1764 885 1844 angit

52 1931 56 1938 .
96 1855 270 1918 Memnonis
285 1857 392 1933 amissi,
407 1856 546 1940 Phrygiis
563 1878 652 1940 quem
666 1858 874 1941 lutea'campis

98 1951 183 2014 Vidit
198 1952 337 2014 Achillea
351 1966 526 2035 pereuntem
540 1953 663 2035 cuspide
678 1967 783 2015 mater.

98 2047 202 2125 Vidit3
224 2062 254 2110 et
268 2049 317 2110 ille
331 2050 422 2126 color,
438 2070 497 2132 quo
514 2049 656 2111 matutina
670 2049 830 2128 rubescunt

96 2142 260 2226 Tempora,
276 2145 436 2226 palluerat:
459 2146 602 2232 latuitque
617 2146 647 2207 in
662 2145 788 2216 nubibus
803 2147 904 2210 ether.
1012 2149 1076 2212 575

141 2241 186 2302 At
199 2262 258 2302 non
273 2242 424 2323 impositos
439 2242 583 2324 supremis
599 2242 712 2323 ignibus
727 2255 815 2310 utus.

96 2337 243 2399 Sustinuit
257 2349 391 2420 spectare
407 2358 529 2419 parens:
552 2339 605 2399 sed
618 2339 819 2416 crine'soluto,

97 2434 185 2496 Sicut
199 2447 272 2511 erat,
288 2433 387 2514 magni
401 2434 525 2513 genibus
539 2434 732 2515 procumbere
747 2455 807 2495 non
821 2447 866 2496 est

97 2529 269 2612 Dedignata
283 2529 303 2590 J
305 2530 377 2605 ovis,
393 2529 589 2611 lacrymisque
604 2529 657 2590 has
672 2527 781 2589 addere
796 2550 904 2618 voces:

98 2626 265 2689 ‘Omnibus
280 2626 406 2703 inferior,
422 2646 495 2708 quas
509 2625 632 2687 sustinet
647 2646 752 2687 aureus
767 2621 876 2704 aether‚'
1013 2627 1077 2692 580

100 2724 196 2809 (Nam
210 2725 282 2786 mihi
297 2737 365 2785 sunt
379 2737 472 2786 totum
487 2723 630 2796 rarissima
645 2724 757 2806 templa
771 2745 825 2806 per
839 2721 957 2806 orbem)

97 2819 180 2882 Diva
193 2835 292 2883 tamen
309 2821 413 2894 venio:
436 2841 495 2881 non
510 2834 542 2882 ut
556 2820 689 2895 delubra,
706 2819 840 2900 diesque„

98 2916 164 2979 Des
179 2918 249 2978 mibi
264 2918 419 2992 sacrificos,
433 2916 628 2996 caliturasque
643 2914 758 2994 ignibus
772 2934 846 2982 aras.

98 3013 131 3076 Si
147 3028 246 3076 tamen
262 3014 416 3097 adspicias,
433 3010 574 3094 quantiam
589 3009 642 3070 tibi
657 3008 777 3071 loemina
792 3022 943 3093 praestem,

98 3111 181 3173 Tum
196 3112 265 3173 cium
280 3113 346 3173 luce
361 3108 441 3171 norb
453 3108 547 3170 noctis
561 3106 688 3169 confinia
701 3129 798 3185 servu,
1013 3109 1076 3173 585

102 3208 226 3270 Praemia
240 3209 336 3279 danda
350 3221 448 3290 putes.
494 3204 555 3268 Sed
570 3226 629 3266 non
644 3225 680 3267 ea
694 3225 782 3282 cura3
804 3225 902 3288 neque
917 3204 966 3268 hie
980 3217 1026 3268 est

99 3304 190 3367 Nunc
205 3318 297 3367 status
314 3306 444 3380 Aurorae,
460 3303 579 3364 meritos
593 3316 627 3365 ut
642 3316 745 3384 poscat
761 3302 896 3364 honores.

99 3401 271 3464 Memnonis
286 3401 356 3463 orba
370 3401 429 3466 mei
445 3400 549 3461 venio:
574 3399 623 3480 qui
638 3398 723 3460 sortia
738 3397 842 3459 flustra

100 3498 162 3563 Pro
177 3512 282 3583 patruo
296 3498 361 3562 tulit
377 3520 457 3561 arma
471 3517 543 3572 su0;
565 3496 725 3580 primisque
740 3494 795 3557 sub
809 3493 892 3554 annu

362 3598 401 3658 12
