2348 4102
102 375 126 436 4
417 380 763 431 unnauoncuosuou

105 527 176 591 Sive
191 547 295 589 recens
310 528 406 603 tellus,
421 529 601 610 seductaque
616 548 711 609 nuper
725 527 762 587 ab
778 527 836 587 alto

104 624 242 701 AEthere,
256 624 373 704 cognati
388 618 532 685 retinebat
547 623 660 684 semina
673 622 754 684 coeli.

105 719 208 794 Quam
223 734 302 782 satus
317 719 432 802 Iiipeto,
447 721 572 782 mixtam
584 719 751 780 fluvialibus
766 718 862 794 undis,

104 813 210 876 Finxit
225 817 254 877 in
269 817 398 897 effigiem
413 815 618 878 modeiantrim
632 827 741 876 cuncta
756 813 890 874 deorum.

103 908 263 994 Pronaque
279 913 348 974 cinn
362 925 498 994 spectent
512 912 648 973 animalia
661 924 766 972 caetera
781 922 906 984 terram;

104 1005 150 1067 Os
165 1007 277 1068 homini
292 1007 416 1068 sublime
432 1008 529 1067 dedit:
553 1008 722 1087 coelumque
737 1006 812 1065 tueri

103 1100 208 1178 lussit,
223 1115 254 1163 et
269 1115 382 1163 erectos
397 1101 435 1162 ad
449 1102 544 1162 sidera
557 1102 660 1162 tollere
676 1102 786 1162 vultus.

105 1196 166 1272 Sic,
182 1197 272 1258 modb
290 1218 354 1279 quae
368 1195 463 1258 fuerat
477 1198 556 1258 rudis
572 1211 602 1258 et
616 1199 678 1259 sine
694 1197 832 1279 imagine,
847 1197 934 1259 tellus

103 1290 203 1355 Induit
217 1293 331 1373 ignotas
345 1292 498 1355 homiuum
511 1315 655 1356 conversa
668 1294 785 1374 figuras.

368 1528 522 1582 QUATUOR
541 1529 648 1571 MUNDI
670 1529 811 1571 AETATES·

538 1709 569 1747 v.
589 1692 641 1750 89.

104 1851 207 1915 Aurea
221 1852 315 1933 prima
328 1865 392 1913 sata
406 1865 452 1913 est
467 1866 545 1927 etas,
561 1874 636 1930 qua,
652 1854 767 1913 vindice
781 1855 872 1930 nullo,

105 1946 219 2031 Sponte
233 1946 297 2025 suti,
312 1949 375 2009 sine
390 1949 468 2027 lege,
483 1945 572 2007 fidem
587 1957 763 2028 rectumque
778 1946 906 2009 colebat.

104 2042 202 2107 Poena
213 2056 369 2125 metusque
384 2044 522 2104 aberant:
545 2063 602 2103 nec
616 2043 706 2103 verba
719 2043 845 2105 minacia
857 2043 918 2104 fixo

104 2138 178 2202 AEre
192 2138 381 2218 legebantur:
404 2158 462 2199 nec
477 2138 606 2219 supplex
621 2137 707 2198 turba
720 2138 864 2199 timebant

103 2233 219 2295 Judicis
233 2253 285 2294 ora
300 2234 361 2294 sui:
385 2233 439 2295 sed
454 2245 537 2295 erant
551 2232 613 2293 sine
625 2231 726 2315 judice
741 2233 806 2294 tuti.

104 2328 247 2393 Nondum
261 2350 336 2392 caesa
350 2329 420 2406 suis,
432 2329 618 2412 peregrinum
628 2342 662 2390 ut
673 2330 779 2392 viseret
793 2332 907 2408 orbem,

103 2423 269 2502 MontibuS,
282 2425 312 2486 in
325 2425 450 2508 liquidas
464 2427 551 2509 pinus
566 2425 758 2489 descenderat
772 2427 883 2491 undas:

103 2520 253 2605 Nullaque
268 2524 416 2609 mortales,
431 2537 535 2605 praeter
549 2544 612 2599 sua,
626 2524 724 2585 littora
736 2524 852 2584 norant.

103 2616 246 2690 Nondum
261 2619 426 2699 praecipite's
439 2614 598 2698 cingebant
612 2618 723 2699 oppida
736 2615 819 2679 fossae
829 2602 862 2677 :⁴

103 2711 174 2775 Non
188 2714 260 2775 tube
274 2713 387 2789 directi,
402 2736 461 2775 non
476 2714 538 2775 aeris
552 2734 663 2775 cornua
677 2714 759 2788 flexi,

102 2806 173 2871 Non
188 2810 289 2891 galee,
304 2830 363 2870 non
379 2810 466 2886 ensis,
482 2822 575 2870 erant.
621 2809 691 2870 Sine
706 2808 805 2871 militis
820 2831 875 2871 usu

102 2903 208 2970 Mollia
222 2927 332 2969 securae
348 2907 527 2989 peragebant
541 2907 601 2968 otia
616 2920 742 2968 mentes.
1018 2910 1077 2968 100

102 3000 173 3084 Ipsa
188 3024 305 3085 quoque
320 3004 467 3080 immunis,
483 3018 634 3087 rastroque
649 3003 768 3080 intacta,
783 3024 839 3065 uec
854 3002 919 3064 ullis

103 3098 212 3161 Saucia
226 3100 403 3175 vomeribuS,
420 3120 474 3181 per
488 3121 520 3160 se
535 3101 623 3161 dabat
637 3102 736 3161 onmia
750 3099 853 3160 tellus:

102 3194 305 3278 Contentique
320 3194 402 3270 cibis,
418 3195 499 3255 nullo
514 3207 652 3274 cogente,
667 3194 783 3268 creatis,

103 3290 253 3353 Arbuteos
268 3290 368 3366 foetus,
383 3302 580 3371 montanaque
595 3288 676 3368 fiaga
689 3288 838 3369 legebant,

102 3386 274 3469 Cornaque,
290 3387 365 3449 etin
381 3386 459 3447 duris
475 3384 854 3460 herentiamorarubetis3
1016 3390 1075 3448 105

106 3482 145 3546 Et
160 3504 224 3565 quae
240 3483 409 3545 deciderant
423 3481 526 3566 patuli
538 3480 622 3544 Jovis
638 3482 741 3545 arbore
756 3480 888 3563 glandes.
