2348 4102
99 377 144 440 94·
412 346 760 430 unrauonruoseon

99 529 318 612 Coeruleusque
334 528 398 590 fluit
412 540 475 589 toto
490 525 528 587 de
541 546 665 608 corpore
680 525 785 594 sudor:

100 626 297 708 Ambustique
311 637 417 687 sonant
431 623 530 686 uerti:
553 622 691 704 cecique
706 621 843 683 medullis

97 721 185 784 Tabe
198 720 373 805 liquefactis,
389 720 514 782 tendens
528 718 564 780 ad
580 718 676 780 sidera
694 718 817 800 palmas,

98 817 282 894 ‘Cladibus,’
299 817 457 892 exclamat,
473 815 638 891 ‘Satumia‚
654 834 776 897 pascere
790 813 913 875 nostris:

98 913 244 976 Pascere:
268 927 299 975 et
313 914 390 975 hano
405 925 522 995 pestem
536 925 649 993 specta,
664 909 800 986 erudelis,
815 909 852 972 ab
867 910 945 972 alto:
1033 914 1073 974 40

98 1009 221 1094 Corque
235 1009 330 1072 ferum
343 1010 426 1071 satia.
472 1006 532 1070 Vel
546 1007 570 1068 si
584 1006 765 1069 miserandus
780 1020 811 1068 et
826 1006 922 1083 bosti;
966 1059 968 1062 ,

101 1105 218 1186 (Hostis
233 1107 312 1168 enim
328 1106 380 1168 tibi
394 1103 475 1189 sum)
491 1104 559 1166 diris
573 1103 749 1180 cruciatibus
764 1123 880 1184 aegmm,
901 1135 904 1140 ·

97 1201 287 1285 invisamque
301 1203 439 1278 animam,
454 1214 613 1283 natumque
627 1194 784 1276 laboribus,
800 1198 892 1260 aufer.

96 1296 180 1359 Mors
195 1299 266 1359 mibi
280 1315 387 1358 munus
402 1296 473 1357 erit:
497 1295 585 1356 decet
600 1297 667 1356 haeo
682 1295 752 1356 dare
768 1295 846 1358 done
859 1315 1032 1358 novercam.

97 1392 179 1474 Ergo
194 1414 251 1474 ego
265 1392 426 1456 foedantem
440 1393 595 1475 peregrino
609 1392 722 1474 templa
735 1412 839 1454 cruore
942 1445 945 1450 .
1034 1393 1074 1454 45

96 1489 215 1552 Busirin
230 1490 352 1553 domui?
368 1499 511 1572 'sevoque
525 1489 664 1552 alimenta
678 1489 806 1571 parentis

97 1587 205 1649 Antaeo
220 1588 335 1670 eripui?
356 1608 476 1650 neome
491 1586 616 1669 pastoris
628 1584 706 1647 Iberi

96 1680 207 1745 Forma
221 1685 348 1766 triplex3
371 1705 428 1746 neo
442 1682 536 1745 forme
548 1683 658 1766 triplex
672 1695 733 1757 tua,
748 1679 893 1758 Cerbero,
907 1679 1024 1742 movit?
1073 1703 1074 1706 ¹

98 1778 200 1842 Vosne
215 1801 318 1841 manus
333 1779 421 1841 validi
435 1779 579 1862 pressistis
593 1797 704 1840 cornua
717 1777 816 1840 taurii

97 1874 239 1938 Vestrum
254 1868 408 1959 opus⁰Elis
422 1875 523 1952 habet,
539 1889 670 1938 vestrum
685 1873 908 1957 Stymphalides
923 1872 1024 1949 unde,
1034 1875 1074 1935 50

96 1971 349 2056 Partheniumque
364 1975 490 2039 nemus?
512 1972 611 2036 vestre
624 1971 732 2035 vinute
750 1971 860 2033 relatus

95 2067 366 2130 Tbennodontieoo
380 2069 499 2131 oaelatus
513 2069 628 2130 balteus
643 2088 726 2143 auro,

95 2161 250 2244 Pomaque
265 2164 302 2223 ab
316 2163 441 2224 insomni
457 2162 534 2224 male
548 2162 695 2224 custodite
709 2161 858 2224 dracone?

12 2283 21 2301 ·
96 2256 162 2318 Neo
177 2257 250 2318 mibi
264 2255 408 2319 Centauri
422 2257 547 2339 potuere
561 2257 706 2334 resistere,
720 2278 777 2320 neo
791 2257 834 2319 mi

96 2353 230 2413 Arcadiae
246 2364 375 2415 vastator
389 2373 461 2435 aper
469 2373 478 2429 ;
500 2373 557 2415 neo
571 2351 680 2436 proluit
695 2352 808 2436 Hydrae
866 2371 875 2394 ‘-
1032 2353 1076 2415 5⁶·

96 2446 241 2510 Crescere
257 2469 310 2531 per
326 2449 477 2525 danmum,
493 2450 684 2532 geminasque
698 2468 849 2511 resumere
863 2446 961 2514 vires?
991 2483 994 2488 ·

96 2543 201 2617 Quid?
223 2547 292 2605 cum
307 2545 440 2606 Thracas
455 2567 558 2626 equos,
573 2539 703 2607 humano
717 2545 858 2624 sanguine
873 2535 1009 2626 pingues,

96 2638 251 2720 Plenaque
266 2640 437 2719 corporibus
451 2639 554 2700 laceris
569 2640 712 2722 presepia
724 2639 796 2716 -vidi,

97 2732 229 2815 Visaque
245 2732 351 2815 dejeci,
365 2733 576 2815 dominumque
591 2735 729 2816 ipsosque
745 2736 879 2816 peremi?

97 2827 153 2890 His
169 2829 240 2890 elisa
251 2827 331 2912 jacet
345 2830 439 2891 moles
453 2825 596 2891 Nemeaea
609 2829 747 2895 lacertis?
918 2856 922 2861 ·
1018 2833 1062 2894 60
1109 2827 1113 2836 ’

97 2925 165 2988 Hic
180 2925 291 2987 coelum
305 2927 422 2989 cervice
436 2925 512 2990 tuli?
554 2925 688 2990 Defessa·
692 2925 827 3010 jubendo
840 2941 885 2990 eet

96 3022 182 3084 Serva
196 3021 279 3084 Jovis
292 3022 420 3105 conjux:
444 3045 502 3104 ego
514 3044 580 3086 sum
595 3024 758 3086 indefessus
773 3025 898 3105 agendo.

96 3117 157 3178 Sed
172 3138 249 3178 nova
263 3119 353 3198 pestis
368 3117 469 3179 adest:
492 3120 541 3181 eui
555 3141 611 3180 neo
626 3121 733 3181 virtute
747 3120 850 3196 resisti,

95 3212 125 3275 N
127 3235 162 3276 ec
178 3214 242 3275 telis
258 3212 382 3274 antrisve
397 3225 504 3292 potest.
550 3212 745 3276 Pulmonibus
759 3229 836 3299 errat

95 3310 174 3392 Ignis
189 3311 267 3372 edax
281 3309 357 3386 imis,
373 3329 484 3392 perque
499 3329 602 3371 omnes
617 3308 850 3393 pasoitureitus.
1028 3313 1071 3376 65

67 3408 71 3412 ’
95 3408 138 3468 At
154 3408 232 3468 valet
247 3406 445 3491 Eurystheus,
462 3418 493 3467 et
506 3417 584 3483 sunt,
600 3407 650 3491 qui
664 3408 787 3471 credere
800 3410 913 3493 possint

96 3501 172 3565 Esse
187 3503 258 3566 deos
268 3488 435 3568 i'llffiixit.
465 3502 598 3588 ‘Perque
613 3505 708 3568 altum
719 3506 836 3570 saueius
850 3505 945 3570 OEten
