2348 4102
132 315 194 378 140
441 316 790 374 ueramoorrrosso'r

129 470 303 546 Decertare,
319 471 435 553 placet3
456 469 637 553 Tatiumque
652 470 795 533 accedero
809 489 910 552 regno.
1046 479 1102 540 1²55

170 567 330 629 Occiderat
344 566 651 654 Tatius,populisque
666 580 779 649 aequata
793 567 917 646 duobus,

128 661 270 739 Romule,
282 663 348 746 jura
363 663 469 724 dabas:
493 662 590 745 positi
603 664 672 724 clim
686 663 800 725 casside
814 662 936 726 Mavors

127 757 251 820 Talibus
266 760 371 821 affatur
385 757 544 842 divrimquo
560 760 771 842 bominumque
787 773 959 842 parentem:

129 854 283 937 ‘Tempus
298 856 391 931 adest,
407 857 529 936 genitor,
547 854 699 940 (quoniam
715 855 884 917 fundamine
901 875 1010 940 magno

128 948 194 1012 Res
209 950 347 1012 Romana
361 951 451 1027 valet,
466 971 522 1013 nec
537 952 658 1034 preside
673 950 784 1032 pendet
799 952 836 1013 ab
849 951 925 1036 uno)
1046 956 1103 1017 16⁰

128 1043 263 1124 Praemia,
280 1070 342 1129 quae
359 1049 500 1129 promissa
514 1048 586 1108 mihi
600 1047 748 1129 dignoque
763 1047 876 1130 nepoti,

128 1141 262 1219 Solvere,
278 1156 308 1203 et
323 1143 455 1204 ablatum
468 1143 551 1206 terris
565 1143 717 1224 imponere
730 1143 819 1204 coelo.

127 1236 178 1299 Tu
194 1239 265 1299 mihi
280 1240 405 1300 coneilio
420 1239 568 1321 quondam
584 1251 726 1320 prasente
742 1239 874 1315 deorum,

130 1332 176 1417 (N
178 1355 226 1395 am
236 1354 383 1409 memoro,
396 1334 580 1416 memorique
594 1334 695 1394 animo
709 1335 758 1416 pia
773 1335 863 1396 verba
877 1335 993 1421 notavi)

128 1435 148 1466 “
158 1428 245 1491 Unus
260 1431 324 1506 erit,
340 1451 430 1512 quem
443 1443 476 1492 tu
491 1429 576 1492 tolles
590 1431 619 1492 in
633 1431 739 1492 cerula
753 1431 854 1507 coeli,''
1044 1432 1102 1494 165

127 1525 250 1588 Dixisti.
295 1526 376 1589 Rata
389 1527 426 1588 m't
441 1527 597 1588 verborum
611 1546 726 1588 summa
739 1527 878 1588 tuorum.’
1033 1522 1037 1529 ’

170 1622 286 1684 Annuit
300 1623 495 1706 omnipotens,
510 1637 541 1685 et
555 1623 681 1684 nubibus
695 1626 763 1684 ae'ra
776 1623 862 1684 cecis

127 1719 279 1795 Occuluit,
295 1721 462 1802 tonitruque
478 1733 508 1781 et
523 1718 636 1799 bulgure
653 1719 754 1792 terruit
768 1719 895 1781 Urbem.

128 1814 206 1888 Quae
221 1816 275 1876 sibi
290 1817 439 1896 promisse
454 1815 544 1876 sensit
559 1814 626 1876 data
640 1813 721 1895 signa
735 1815 863 1896 rapine,
976 1852 988 1858 -

127 1910 312 1995 Innixusqoe
325 1913 425 1989 basta,
441 1930 557 1994 pressos
571 1924 689 1973 temone
703 1924 826 1973 cruento

127 2007 298 2090 Impavidus
311 2009 483 2071 conscendit
496 2028 588 2090 equos
604 2007 762 2083 Gradivus,
777 2020 808 2068 et
822 2007 882 2069 ictu

128 2102 268 2165 Verberis
284 2105 445 2185 increpuit:
468 2124 652 2186 pronumque
668 2125 722 2186 per
735 2105 803 2164 ac'ra
817 2103 918 2186 lapsus
1012 2120 1014 2127 ·

127 2197 268 2260 Constitit
284 2201 315 2260 in
327 2220 444 2260 summo
458 2201 603 2259 nemorosi
618 2200 694 2260 colle
709 2199 823 2261 Palati:

127 2293 378 2376 Reddentemque
394 2314 447 2354 suo
457 2292 519 2376 jam
534 2293 616 2375 regia
624 2293 692 2378 jura
707 2292 821 2367 Quiriti*

127 2390 257 2452 Abstulit
273 2389 396 2452 Iliaden.
439 2389 558 2473 Corpus
573 2393 696 2453 mortale
712 2411 766 2475 per
781 2410 866 2453 auras

127 2486 285 2570 Dilapsum
301 2503 422 2549 tenues:
446 2508 501 2550 ceu
517 2487 578 2549 latit
591 2489 733 2570 plumbea⁴
744 2487 836 2549 limdit

126 2582 220 2645 Missa
235 2586 309 2645 solet
324 2585 424 2645 medio
437 2585 519 2664 glans
534 2586 715 2646 intabescere
730 2585 819 2646 coelo.

127 2679 257 2739 Pulchra
270 2680 347 2738 subit
363 2678 462 2753 facies,
478 2692 508 2739 et
523 2679 721 2759 pulvinaribus
737 2677 801 2742 altis

126 2773 262 2855 Dignior,
277 2788 308 2834 ct
323 2773 415 2856 qualis
430 2774 552 2835 trabeati
567 2773 660 2836 sorma
674 2773 803 2847 Quirini.

168 2870 275 2933 Flebat
291 2885 323 2933 ut
338 2871 477 2933 amissum
491 2870 619 2956 conjux3
640 2871 710 2934 cirm
724 2873 804 2954 regia
818 2871 901 2936 Juao

126 2968 185 3030 Irin
200 2969 236 3029 ad
253 2968 413 3030 Hersiliam
428 2969 608 3032 descendere
623 2969 715 3032 limite
730 2990 826 3032 curve

126 3065 273 3146 lmperat:
297 3079 328 3126 et
343 3085 443 3126 vacue
458 3086 512 3126 sua
525 3065 572 3128 sic
581 3067 719 3131 mandata
733 3066 851 3130 referre.

127 3161 175 3222 ‘O
191 3175 221 3222 et
236 3162 274 3222 de
289 3160 386 3236 Latiis,
401 3182 420 3222 0
435 3148 518 3223 etde
533 3177 621 3244 gente
638 3163 748 3225 Sabina

126 3258 324 3341 Praecipuum,
340 3270 482 3336 matrona,
498 3260 608 3334 decus3
630 3253 798 3340 dignissim
811 3261 885 3324 tanti

126 3357 208 3417 Ante
224 3355 312 3418 tuisse
329 3356 391 3433 viri,
405 3355 517 3440 conjux
531 3375 610 3417 nunc
624 3375 689 3418 esse
705 3356 840 3435 Quiriniq

127 3451 204 3516 Siste
218 3466 284 3517 tuos
299 3453 402 3518 fletus:
427 3466 468 3531 et,
483 3453 507 3516 ai
521 3451 574 3515 tibi
588 3473 659 3518 cura
672 3453 790 3519 videndi
