2348 4102
511 328 620 377 LIBER
642 327 663 375 I.

89 478 149 543 Illa
163 477 253 539 etiam
268 476 396 557 supplex
411 474 494 554 Argo
507 474 577 535 crim
591 472 711 533 brachia
725 472 815 533 vellet

90 574 236 637 Tendere
249 594 257 648 3
279 593 338 632 non
353 571 465 645 habuit,
480 591 544 651 quae
558 568 677 629 brachia
691 568 824 628 tenderet
838 566 940 647 Argo:

90 668 273 750 Conatoque
288 667 371 749 queri
385 666 513 746 mugitus
529 665 620 725 edidit
635 684 702 724 ore:
749 656 761 683 ⁸

90 763 311 845 Pertimuitque
326 782 428 823 sonos:
452 760 630 842 propriaque
645 760 785 821 exterrita
800 779 874 821 voce
888 771 946 820 est.
1006 761 1070 821 5110

138 857 232 920 Venit
246 871 276 918 et
291 858 328 919 ad
342 858 430 938 ripae,
445 857 496 917 ubi
511 857 613 916 ludere
628 877 705 936 saepe
720 856 843 930 solebat,

90 954 248 1015 Inachidas
262 954 358 1034 ripas:
381 973 517 1034 novaque
532 965 564 1012 ut
579 953 733 1031 conspexit
749 952 777 1011 in
792 948 873 1010 unda

92 1046 227 1123 Cornua,
242 1049 403 1130 pertimuit,
418 1069 510 1129 seque
523 1044 678 1108 externata
692 1046 808 1126 refugit.

91 1142 208 1206 Naides
222 1144 365 1224 ignorant,
381 1145 493 1224 ignorat
508 1158 538 1203 et
554 1143 680 1204 Inachus
695 1143 769 1223 ipse,

91 1238 174 1311 Quae
188 1240 235 1300 sit.
278 1241 322 1300 At
337 1241 386 1300 illa
401 1239 668 1320 patrem'sequitur,
684 1239 873 1320 sequiturque
887 1254 1017 1298 sorores:

92 1333 137 1394 Et
151 1336 260 1416 patitur
273 1336 362 1414 tangi,
378 1355 469 1416 seque
485 1334 692 1395 admirantibus
707 1334 802 1394 offert.
1005 1332 1069 1393 526

91 1427 262 1510 Decerptas
277 1430 374 1490 senior
387 1443 559 1511 porrexerat
573 1429 700 1490 Inachus
715 1430 839 1504 herbas3

90 1522 150 1584 Illa
162 1545 266 1585 manus
281 1525 393 1599 lambit,
408 1525 566 1605 patriisque
582 1525 632 1584 dat
646 1526 748 1585 oscula
761 1524 884 1604 palmis3

90 1616 161 1679 Nec
175 1619 282 1680 retinet
295 1620 457 1698 lacrymas:
481 1632 521 1692 et,
536 1619 561 1677 si
575 1617 665 1676 modi>
680 1620 770 1677 verba
783 1629 952 1697 sequantur,

91 1712 170 1775 Oret
183 1734 292 1795 opem;
314 1733 482 1794 nomenque
497 1733 594 1786 suum,
608 1732 752 1793 casusque
767 1711 912 1794 loquetur.
1006 1712 1070 1773 5³0

90 1806 209 1869 Littera
224 1829 277 1889 pro
292 1808 398 1882 verbis,
414 1828 501 1889 quam
517 1828 570 1888 pes
585 1807 614 1867 in
629 1807 752 1888 pulvere
766 1807 855 1883 ducit,

90 1901 237 1985 Corporis
252 1903 390 1964 indicium
405 1903 510 1963 mutati
524 1903 605 1962 triste
620 1903 744 1982 peregit.

91 1996 168 2059 ‘Me
183 1999 321 2077 miserum
332 1999 350 2060 !'
373 1999 519 2059 exclamat
535 2010 619 2078 pater
634 1996 778 2057 Inachus:
801 1997 890 2076 inque
905 1995 1049 2075 gementia

90 2082 296 2169 Comibua'et
310 2095 404 2156 niveae
417 2094 551 2176 pendens
565 2093 682 2153 cervice
693 2091 841 2174 juvencae,

90 2188 168 2249 ‘Me
182 2190 319 2250 miserum
329 2190 347 2250 l'
370 2190 539 2270 ingeminat.
565 2214 568 2219 ·
585 2188 692 2249 ‘Tune
707 2208 739 2249 es
755 2187 872 2270 quaesita
887 2186 942 2269 per
955 2206 1068 2262 ornnes,

91 2282 184 2359 Nata,
198 2284 271 2344 mihi
285 2288 395 2345 terras?
418 2284 468 2344 Tu
484 2306 543 2344 non
557 2286 677 2345 inventa
691 2284 810 2365 reperta
1005 2283 1069 2344 536

91 2378 207 2440 Luctus
222 2401 286 2440 eras
301 2380 404 2439 levior.
448 2378 589 2439 Retices:
612 2401 669 2439 nec
683 2392 786 2441 mutua
798 2379 904 2441 nostris

93 2472 185 2535 Dicta
198 2474 290 2535 refers
303 2494 310 2533 τ
334 2458 393 2532 alto
407 2485 520 2532 tantum
535 2474 657 2551 suspiria
672 2474 771 2551 prodis

92 2568 238 2631 Pectore:
263 2568 401 2651 quodque
414 2588 504 2627 unum
520 2579 616 2648 potes,
633 2566 670 2626 ad
685 2587 752 2626 mea
767 2566 856 2628 verba
868 2586 1008 2647 remugrs.

91 2663 161 2726 Nec
174 2666 255 2726 finire
270 2665 339 2725 licet
353 2677 449 2725 tantos
464 2663 536 2724 mihi
551 2676 645 2724 morte
660 2662 792 2725 dolores:
1005 2664 1069 2725 540

92 2759 156 2821 Sed
170 2774 258 2822 nocet
273 2781 338 2821 esse
354 2760 460 2821 deum:
483 2760 784 2843 praeclusaque-janua
798 2760 849 2822 leti

91 2854 251 2918 AEtemum
266 2869 379 2917 nostros
395 2857 490 2917 luctus
505 2857 640 2917 extendit
655 2856 684 2916 in
699 2857 817 2917 aevumss

91 2951 182 3013 Talia
197 2953 332 3037 maerenti
347 2953 478 3013 stellatus
493 2954 659 3025 submovet,
675 2950 785 3029 ArguS,

92 3046 296 3130 Ereptamque
312 3048 387 3131 patri
402 3047 517 3108 diversa
532 3047 560 3107 in
577 3066 687 3126 pascua
701 3058 800 3106 natam

93 3143 258 3205 Abstrahit.
304 3144 372 3226 Ipse
388 3143 490 3226 procul
505 3142 613 3203 montis
627 3141 750 3203 sublime
764 3160 907 3202 cacumen
1004 3143 1068 3205 545

43 3272 48 3281 ·
91 3237 248 3321 Occupat:
271 3240 350 3301 unde
365 3240 471 3301 sedens
486 3252 583 3320 partes
598 3238 767 3321 speculetur
781 3238 810 3299 in
824 3258 938 3299 omnes.

134 3334 165 3397 N
167 3356 203 3398 ec
217 3336 358 3417 superdm
372 3340 468 3398 rector¹
481 3337 559 3396 mala
573 3348 655 3396 tanta
669 3333 853 3396 Phoronidos
866 3334 944 3394 ultra

91 3428 185 3495 Ferre
199 3446 315 3519 potest:
338 3447 500 3514 natumque
517 3445 620 3507 vocat3
643 3451 733 3514 quem
746 3429 846 3491 lucida
860 3440 946 3509 partu
