<?xml version="1.0" encoding="UTF-8"?>
<!DOCTYPE html PUBLIC "-//W3C//DTD XHTML 1.0 Transitional//EN"
    "http://www.w3.org/TR/xhtml1/DTD/xhtml1-transitional.dtd">
<html xmlns="http://www.w3.org/1999/xhtml" xml:lang="en" lang="en">
 <head>
  <title>
</title>
<meta http-equiv="Content-Type" content="text/html;charset=utf-8" />
  <meta name='ocr-system' content='tesseract 3.04.00' />
  <meta name='ocr-capabilities' content='ocr_page ocr_carea ocr_par ocr_line ocrx_word'/>
</head>
<body>
  <div class='ocr_page' id='page_1' title='image "./excerptaexscrip00goulgoog_0053.png"; bbox 0 0 2348 4102; ppageno 0'>
   <div class='ocr_carea' id='block_1_1' title="bbox 97 375 831 436">
    <p class='ocr_par' dir='ltr' id='par_1_1' title="bbox 97 375 831 436">
     <span class='ocr_line' id='line_1_1' title="bbox 97 375 831 436; baseline -0.019 0"><span class='ocrx_word' id='word_1_1' title='bbox 97 375 143 436; x_wconf 76' lang='lat' dir='ltr'><strong>ta</strong></span> <span class='ocrx_word' id='word_1_2' title='bbox 410 377 763 429; x_wconf 79' lang='lat' dir='ltr'><strong>msrauoarriosson</strong></span> <span class='ocrx_word' id='word_1_3' title='bbox 824 411 831 419; x_wconf 88' lang='grc'><strong>.</strong></span> 
     </span>
    </p>
   </div>
   <div class='ocr_carea' id='block_1_2' title="bbox 86 519 1138 1730">
    <p class='ocr_par' dir='ltr' id='par_1_2' title="bbox 98 519 1138 888">
     <span class='ocr_line' id='line_1_2' title="bbox 100 519 893 606; baseline -0.009 -19"><span class='ocrx_word' id='word_1_4' title='bbox 100 524 166 587; x_wconf 91' lang='lat' dir='ltr'><strong>Etsi</strong></span> <span class='ocrx_word' id='word_1_5' title='bbox 181 546 240 586; x_wconf 91' lang='lat' dir='ltr'><strong>non</strong></span> <span class='ocrx_word' id='word_1_6' title='bbox 254 525 390 600; x_wconf 88' lang='lat' dir='ltr'><strong>hominis,</strong></span> <span class='ocrx_word' id='word_1_7' title='bbox 405 544 495 606; x_wconf 89' lang='lat' dir='ltr'><strong>quem</strong></span> <span class='ocrx_word' id='word_1_8' title='bbox 509 535 682 584; x_wconf 88' lang='lat' dir='ltr'><strong>nontamen</strong></span> <span class='ocrx_word' id='word_1_9' title='bbox 697 519 786 581; x_wconf 86' lang='lat' dir='ltr'><strong>edere</strong></span> <span class='ocrx_word' id='word_1_10' title='bbox 801 521 893 601; x_wconf 85' lang='lat' dir='ltr'><strong>possit</strong></span> 
     </span>
     <span class='ocr_line' id='line_1_3' title="bbox 98 614 977 699; baseline -0.009 -17"><span class='ocrx_word' id='word_1_11' title='bbox 98 619 227 694; x_wconf 87' lang='lat' dir='ltr'><strong>Cervus,</strong></span> <span class='ocrx_word' id='word_1_12' title='bbox 241 618 346 681; x_wconf 89' lang='lat' dir='ltr'><strong>habet:</strong></span> <span class='ocrx_word' id='word_1_13' title='bbox 370 619 542 699; x_wconf 87' lang='lat' dir='ltr'><strong>moestisque</strong></span> <span class='ocrx_word' id='word_1_14' title='bbox 556 617 652 697; x_wconf 87' lang='lat' dir='ltr'><strong>replet</strong></span> <span class='ocrx_word' id='word_1_15' title='bbox 661 615 734 697; x_wconf 89' lang='lat' dir='ltr'><strong>juga</strong></span> <span class='ocrx_word' id='word_1_16' title='bbox 747 628 818 676; x_wconf 89' lang='lat' dir='ltr'><strong>nota</strong></span> <span class='ocrx_word' id='word_1_17' title='bbox 833 614 977 695; x_wconf 81' lang='lat' dir='ltr'><strong>querelis:</strong></span> 
     </span>
     <span class='ocr_line' id='line_1_4' title="bbox 99 703 1138 795; baseline -0.003 -21"><span class='ocrx_word' id='word_1_18' title='bbox 99 711 141 774; x_wconf 91' lang='lat' dir='ltr'><strong>Et</strong></span> <span class='ocrx_word' id='word_1_19' title='bbox 155 714 279 794; x_wconf 86' lang='lat' dir='ltr'>genibus</span> <span class='ocrx_word' id='word_1_20' title='bbox 293 713 422 795; x_wconf 82' lang='lat' dir='ltr'>supplex</span> <span class='ocrx_word' id='word_1_21' title='bbox 436 713 545 794; x_wconf 88' lang='lat' dir='ltr'><strong>pronis,</strong></span> <span class='ocrx_word' id='word_1_22' title='bbox 559 711 718 791; x_wconf 89' lang='lat' dir='ltr'><strong>similisque</strong></span> <span class='ocrx_word' id='word_1_23' title='bbox 732 709 856 789; x_wconf 83' lang='lat' dir='ltr'>roganti,</span> <span class='ocrx_word' id='word_1_24' title='bbox 1014 712 1077 771; x_wconf 82' lang='lat'><strong>150</strong></span> <span class='ocrx_word' id='word_1_25' title='bbox 1135 703 1138 709; x_wconf 73' lang='grc'><strong>’</strong></span> 
     </span>
     <span class='ocr_line' id='line_1_5' title="bbox 99 803 900 888; baseline -0.01 -18"><span class='ocrx_word' id='word_1_26' title='bbox 99 805 280 870; x_wconf 76' lang='lat' dir='ltr'><strong>Circumfert</strong></span> <span class='ocrx_word' id='word_1_27' title='bbox 294 809 407 883; x_wconf 82' lang='lat' dir='ltr'><strong>tacitos,</strong></span> <span class='ocrx_word' id='word_1_28' title='bbox 422 821 562 888; x_wconf 90' lang='lat' dir='ltr'><strong>tanquam</strong></span> <span class='ocrx_word' id='word_1_29' title='bbox 575 804 776 878; x_wconf 81' lang='lat' dir='ltr'><strong>sna-brachia,</strong></span> <span class='ocrx_word' id='word_1_30' title='bbox 791 803 900 863; x_wconf 85' lang='lat' dir='ltr'><strong>vultus.</strong></span> 
     </span>
    </p>

    <p class='ocr_par' dir='ltr' id='par_1_3' title="bbox 98 899 831 983">
     <span class='ocr_line' id='line_1_6' title="bbox 98 899 831 983; baseline -0.007 -21"><span class='ocrx_word' id='word_1_31' title='bbox 98 902 142 962; x_wconf 89' lang='lat' dir='ltr'><strong>At</strong></span> <span class='ocrx_word' id='word_1_32' title='bbox 156 903 280 964; x_wconf 85' lang='lat' dir='ltr'><strong>comites</strong></span> <span class='ocrx_word' id='word_1_33' title='bbox 294 903 429 983; x_wconf 84' lang='lat' dir='ltr'><strong>rapidum</strong></span> <span class='ocrx_word' id='word_1_34' title='bbox 443 901 533 962; x_wconf 89' lang='lat' dir='ltr'><strong>solitis</strong></span> <span class='ocrx_word' id='word_1_35' title='bbox 547 899 709 961; x_wconf 90' lang='lat' dir='ltr'><strong>hortatibus</strong></span> <span class='ocrx_word' id='word_1_36' title='bbox 723 917 831 977; x_wconf 81' lang='lat' dir='ltr'><strong>agmen</strong></span> 
     </span>
    </p>

    <p class='ocr_par' dir='ltr' id='par_1_4' title="bbox 86 992 844 1076">
     <span class='ocr_line' id='line_1_7' title="bbox 86 992 844 1076; baseline -0.008 -19"><span class='ocrx_word' id='word_1_37' title='bbox 86 992 195 1076; x_wconf 71' lang='lat' dir='ltr'><strong>&#39;Ignari</strong></span> <span class='ocrx_word' id='word_1_38' title='bbox 210 997 357 1076; x_wconf 87' lang='lat' dir='ltr'><strong>instigant,</strong></span> <span class='ocrx_word' id='word_1_39' title='bbox 371 997 523 1076; x_wconf 88' lang='lat' dir='ltr'><strong>oculisque</strong></span> <span class='ocrx_word' id='word_1_40' title='bbox 537 995 679 1054; x_wconf 83' lang='lat' dir='ltr'><strong>Actaeona</strong></span> <span class='ocrx_word' id='word_1_41' title='bbox 695 1004 844 1075; x_wconf 86' lang='lat' dir='ltr'><strong>quaeruut;</strong></span> 
     </span>
    </p>

    <p class='ocr_par' dir='ltr' id='par_1_5' title="bbox 99 1087 862 1152">
     <span class='ocr_line' id='line_1_8' title="bbox 99 1087 862 1152; baseline -0.008 0"><span class='ocrx_word' id='word_1_42' title='bbox 99 1089 141 1152; x_wconf 83' lang='lat' dir='ltr'><strong>Et</strong></span> <span class='ocrx_word' id='word_1_43' title='bbox 157 1092 238 1152; x_wconf 90' lang='lat' dir='ltr'><strong>velut</strong></span> <span class='ocrx_word' id='word_1_44' title='bbox 253 1092 405 1152; x_wconf 78' lang='lat' dir='ltr'><strong>absentem</strong></span> <span class='ocrx_word' id='word_1_45' title='bbox 418 1090 553 1151; x_wconf 86' lang='lat' dir='ltr'><strong>certatim</strong></span> <span class='ocrx_word' id='word_1_46' title='bbox 569 1088 711 1149; x_wconf 85' lang='lat' dir='ltr'><strong>Actaeona</strong></span> <span class='ocrx_word' id='word_1_47' title='bbox 723 1087 862 1149; x_wconf 87' lang='lat' dir='ltr'><strong>clamant.</strong></span> 
     </span>
    </p>

    <p class='ocr_par' dir='ltr' id='par_1_6' title="bbox 98 1183 1075 1359">
     <span class='ocr_line' id='line_1_9' title="bbox 98 1183 1075 1265; baseline -0.001 -22"><span class='ocrx_word' id='word_1_48' title='bbox 98 1183 150 1244; x_wconf 89' lang='lat' dir='ltr'><strong>Ad</strong></span> <span class='ocrx_word' id='word_1_49' title='bbox 165 1206 273 1246; x_wconf 90' lang='lat' dir='ltr'><strong>nomen</strong></span> <span class='ocrx_word' id='word_1_50' title='bbox 287 1199 377 1265; x_wconf 88' lang='lat' dir='ltr'><strong>caput</strong></span> <span class='ocrx_word' id='word_1_51' title='bbox 392 1185 441 1246; x_wconf 92' lang='lat' dir='ltr'><strong>ille</strong></span> <span class='ocrx_word' id='word_1_52' title='bbox 456 1183 561 1244; x_wconf 83' lang='lat' dir='ltr'><strong>refert:</strong></span> <span class='ocrx_word' id='word_1_53' title='bbox 583 1196 617 1245; x_wconf 94' lang='lat' dir='ltr'><strong>ut</strong></span> <span class='ocrx_word' id='word_1_54' title='bbox 631 1183 733 1243; x_wconf 88' lang='lat' dir='ltr'><strong>abesse</strong></span> <span class='ocrx_word' id='word_1_55' title='bbox 753 1193 923 1263; x_wconf 89' lang='lat' dir='ltr'><strong>queruntur,</strong></span> <span class='ocrx_word' id='word_1_56' title='bbox 1014 1183 1075 1242; x_wconf 79' lang='lat'><strong>155</strong></span> 
     </span>
     <span class='ocr_line' id='line_1_10' title="bbox 98 1269 857 1359; baseline -0.001 -22"><span class='ocrx_word' id='word_1_57' title='bbox 98 1274 128 1337; x_wconf 91' lang='lat' dir='ltr'><strong>N</strong></span> <span class='ocrx_word' id='word_1_58' title='bbox 131 1298 166 1337; x_wconf 90' lang='lat' dir='ltr'><strong>ec</strong></span> <span class='ocrx_word' id='word_1_59' title='bbox 180 1298 288 1359; x_wconf 87' lang='lat' dir='ltr'><strong>capere</strong></span> <span class='ocrx_word' id='word_1_60' title='bbox 303 1279 406 1339; x_wconf 82' lang='lat' dir='ltr'><strong>oblatae</strong></span> <span class='ocrx_word' id='word_1_61' title='bbox 421 1297 543 1358; x_wconf 85' lang='lat' dir='ltr'><strong>segnem</strong></span> <span class='ocrx_word' id='word_1_62' title='bbox 558 1269 727 1359; x_wconf 81' lang='lat' dir='ltr'><strong>spectacula</strong></span> <span class='ocrx_word' id='word_1_63' title='bbox 741 1275 857 1357; x_wconf 87' lang='lat' dir='ltr'><strong>praedae.</strong></span> 
     </span>
    </p>

    <p class='ocr_par' dir='ltr' id='par_1_7' title="bbox 99 1367 959 1454">
     <span class='ocr_line' id='line_1_11' title="bbox 99 1367 959 1454; baseline 0.002 -25"><span class='ocrx_word' id='word_1_64' title='bbox 99 1367 201 1431; x_wconf 89' lang='lat' dir='ltr'><strong>Vellet</strong></span> <span class='ocrx_word' id='word_1_65' title='bbox 215 1371 318 1433; x_wconf 89' lang='lat' dir='ltr'><strong>abesse</strong></span> <span class='ocrx_word' id='word_1_66' title='bbox 333 1372 471 1454; x_wconf 85' lang='lat' dir='ltr'><strong>quidem3</strong></span> <span class='ocrx_word' id='word_1_67' title='bbox 494 1371 546 1434; x_wconf 87' lang='lat' dir='ltr'><strong>scd</strong></span> <span class='ocrx_word' id='word_1_68' title='bbox 561 1371 660 1432; x_wconf 90' lang='lat' dir='ltr'><strong>adest:</strong></span> <span class='ocrx_word' id='word_1_69' title='bbox 684 1371 832 1452; x_wconf 84' lang='lat' dir='ltr'><strong>velletque</strong></span> <span class='ocrx_word' id='word_1_70' title='bbox 847 1370 959 1444; x_wconf 88' lang='lat' dir='ltr'><strong>videre,</strong></span> 
     </span>
    </p>

    <p class='ocr_par' dir='ltr' id='par_1_8' title="bbox 97 1461 839 1540">
     <span class='ocr_line' id='line_1_12' title="bbox 97 1461 839 1540; baseline 0.001 -17"><span class='ocrx_word' id='word_1_71' title='bbox 97 1461 169 1524; x_wconf 91' lang='lat' dir='ltr'><strong>Non</strong></span> <span class='ocrx_word' id='word_1_72' title='bbox 184 1465 273 1526; x_wconf 89' lang='lat' dir='ltr'><strong>etiam</strong></span> <span class='ocrx_word' id='word_1_73' title='bbox 287 1466 406 1540; x_wconf 88' lang='lat' dir='ltr'><strong>sentire,</strong></span> <span class='ocrx_word' id='word_1_74' title='bbox 421 1485 529 1527; x_wconf 89' lang='lat' dir='ltr'><strong>canum</strong></span> <span class='ocrx_word' id='word_1_75' title='bbox 544 1464 604 1527; x_wconf 88' lang='lat' dir='ltr'><strong>sera</strong></span> <span class='ocrx_word' id='word_1_76' title='bbox 619 1464 696 1527; x_wconf 89' lang='lat' dir='ltr'><strong>sacta</strong></span> <span class='ocrx_word' id='word_1_77' title='bbox 710 1484 839 1526; x_wconf 90' lang='lat' dir='ltr'><strong>suorum.</strong></span> 
     </span>
    </p>

    <p class='ocr_par' dir='ltr' id='par_1_9' title="bbox 97 1554 1076 1730">
     <span class='ocr_line' id='line_1_13' title="bbox 97 1554 936 1642; baseline 0.001 -24"><span class='ocrx_word' id='word_1_78' title='bbox 97 1554 240 1641; x_wconf 88' lang='lat' dir='ltr'><strong>Undique</strong></span> <span class='ocrx_word' id='word_1_79' title='bbox 253 1560 458 1623; x_wconf 87' lang='lat' dir='ltr'><strong>circumstant:</strong></span> <span class='ocrx_word' id='word_1_80' title='bbox 481 1560 643 1642; x_wconf 88' lang='lat' dir='ltr'><strong>mersisque</strong></span> <span class='ocrx_word' id='word_1_81' title='bbox 657 1560 688 1621; x_wconf 91' lang='lat' dir='ltr'><strong>in</strong></span> <span class='ocrx_word' id='word_1_82' title='bbox 701 1576 824 1641; x_wconf 73' lang='lat' dir='ltr'><strong>corpore</strong></span> <span class='ocrx_word' id='word_1_83' title='bbox 838 1560 936 1620; x_wconf 83' lang='lat' dir='ltr'><strong>rostris</strong></span> 
     </span>
     <span class='ocr_line' id='line_1_14' title="bbox 98 1648 1076 1730; baseline 0.005 -21"><span class='ocrx_word' id='word_1_84' title='bbox 98 1648 270 1713; x_wconf 87' lang='lat' dir='ltr'><strong>Dilacerant</strong></span> <span class='ocrx_word' id='word_1_85' title='bbox 284 1653 348 1712; x_wconf 86' lang='lat' dir='ltr'><strong>falsi</strong></span> <span class='ocrx_word' id='word_1_86' title='bbox 363 1654 514 1713; x_wconf 90' lang='lat' dir='ltr'><strong>dominnm</strong></span> <span class='ocrx_word' id='word_1_87' title='bbox 528 1655 583 1712; x_wconf 89' lang='lat' dir='ltr'><strong>sub</strong></span> <span class='ocrx_word' id='word_1_88' title='bbox 598 1651 724 1730; x_wconf 84' lang='lat' dir='ltr'><strong>imagine</strong></span> <span class='ocrx_word' id='word_1_89' title='bbox 737 1651 830 1714; x_wconf 80' lang='lat' dir='ltr'><strong>cervi.</strong></span> <span class='ocrx_word' id='word_1_90' title='bbox 1013 1653 1076 1714; x_wconf 88' lang='grc'><strong>160</strong></span> 
     </span>
    </p>
   </div>
   <div class='ocr_carea' id='block_1_3' title="bbox 314 1868 852 1949">
    <p class='ocr_par' dir='ltr' id='par_1_10' title="bbox 314 1868 852 1949">
     <span class='ocr_line' id='line_1_15' title="bbox 314 1868 852 1949; baseline 0 -16"><span class='ocrx_word' id='word_1_91' title='bbox 314 1889 429 1934; x_wconf 71' lang='lat' dir='ltr'><strong>usuris</strong></span> <span class='ocrx_word' id='word_1_92' title='bbox 452 1892 487 1934; x_wconf 76' lang='lat' dir='ltr'><strong>nr</strong></span> <span class='ocrx_word' id='word_1_93' title='bbox 509 1868 699 1936; x_wconf 59' lang='lat' dir='ltr'><strong>satiamus</strong></span> <span class='ocrx_word' id='word_1_94' title='bbox 718 1892 852 1949; x_wconf 72' lang='lat' dir='ltr'><strong>marr.</strong></span> 
     </span>
    </p>
   </div>
   <div class='ocr_carea' id='block_1_4' title="bbox 525 2053 644 2113">
    <p class='ocr_par' dir='ltr' id='par_1_11' title="bbox 525 2053 644 2113">
     <span class='ocr_line' id='line_1_16' title="bbox 525 2053 644 2113; baseline -0.008 -2"><span class='ocrx_word' id='word_1_95' title='bbox 525 2070 555 2111; x_wconf 80' lang='lat' dir='ltr'><strong>v.</strong></span> <span class='ocrx_word' id='word_1_96' title='bbox 571 2053 644 2113; x_wconf 77' lang='lat'><strong>577.</strong></span> 
     </span>
    </p>
   </div>
   <div class='ocr_carea' id='block_1_5' title="bbox 95 2208 1073 3052">
    <p class='ocr_par' dir='ltr' id='par_1_12' title="bbox 96 2208 945 2392">
     <span class='ocr_line' id='line_1_17' title="bbox 97 2208 945 2296; baseline 0.004 -20"><span class='ocrx_word' id='word_1_97' title='bbox 97 2214 235 2296; x_wconf 89' lang='lat' dir='ltr'><strong>Adspicit</strong></span> <span class='ocrx_word' id='word_1_98' title='bbox 249 2214 329 2288; x_wconf 84' lang='lat' dir='ltr'><strong>hunc</strong></span> <span class='ocrx_word' id='word_1_99' title='bbox 342 2213 435 2274; x_wconf 92' lang='lat' dir='ltr'><strong>oculis</strong></span> <span class='ocrx_word' id='word_1_100' title='bbox 449 2212 615 2289; x_wconf 89' lang='lat' dir='ltr'><strong>Pentheus,</strong></span> <span class='ocrx_word' id='word_1_101' title='bbox 630 2208 704 2296; x_wconf 89' lang='lat' dir='ltr'><strong>quos</strong></span> <span class='ocrx_word' id='word_1_102' title='bbox 719 2232 762 2276; x_wconf 84' lang='lat' dir='ltr'><strong>ira</strong></span> <span class='ocrx_word' id='word_1_103' title='bbox 776 2216 945 2279; x_wconf 72' lang='lat' dir='ltr'><strong>tremendos</strong></span> 
     </span>
     <span class='ocr_line' id='line_1_18' title="bbox 96 2307 935 2392; baseline 0.002 -22"><span class='ocrx_word' id='word_1_104' title='bbox 96 2307 243 2370; x_wconf 78' lang='lat' dir='ltr'><strong>Fecerat:</strong></span> <span class='ocrx_word' id='word_1_105' title='bbox 266 2320 307 2383; x_wconf 89' lang='lat' dir='ltr'><strong>et,</strong></span> <span class='ocrx_word' id='word_1_106' title='bbox 322 2327 491 2390; x_wconf 81' lang='lat' dir='ltr'><strong>quanquam</strong></span> <span class='ocrx_word' id='word_1_107' title='bbox 505 2329 601 2390; x_wconf 77' lang='lat' dir='ltr'><strong>poene</strong></span> <span class='ocrx_word' id='word_1_108' title='bbox 616 2309 667 2370; x_wconf 83' lang='lat' dir='ltr'><strong>vix</strong></span> <span class='ocrx_word' id='word_1_109' title='bbox 681 2322 816 2392; x_wconf 86' lang='lat' dir='ltr'><strong>tempora</strong></span> <span class='ocrx_word' id='word_1_110' title='bbox 829 2309 935 2387; x_wconf 84' lang='lat' dir='ltr'><strong>differt,</strong></span> 
     </span>
    </p>

    <p class='ocr_par' dir='ltr' id='par_1_13' title="bbox 97 2401 816 2486">
     <span class='ocr_line' id='line_1_19' title="bbox 97 2401 816 2486; baseline 0.004 -23"><span class='ocrx_word' id='word_1_111' title='bbox 97 2401 145 2463; x_wconf 69' lang='grc' dir='ltr'>Ὀ</span> <span class='ocrx_word' id='word_1_112' title='bbox 160 2404 300 2485; x_wconf 88' lang='lat' dir='ltr'><strong>periture,</strong></span> <span class='ocrx_word' id='word_1_113' title='bbox 314 2401 425 2486; x_wconf 75' lang='lat' dir='ltr'><strong>tutique</strong></span> <span class='ocrx_word' id='word_1_114' title='bbox 440 2403 503 2467; x_wconf 86' lang='lat' dir='ltr'><strong>aliis</strong></span> <span class='ocrx_word' id='word_1_115' title='bbox 516 2404 695 2466; x_wconf 89' lang='lat' dir='ltr'><strong>documenta</strong></span> <span class='ocrx_word' id='word_1_116' title='bbox 713 2401 816 2467; x_wconf 82' lang='lat' dir='ltr'><strong>dature</strong></span> 
     </span>
    </p>

    <p class='ocr_par' dir='ltr' id='par_1_14' title="bbox 96 2495 974 2581">
     <span class='ocr_line' id='line_1_20' title="bbox 96 2495 974 2581; baseline 0.002 -23"><span class='ocrx_word' id='word_1_117' title='bbox 96 2495 218 2573; x_wconf 88' lang='lat' dir='ltr'><strong>Morte,&#39;</strong></span> <span class='ocrx_word' id='word_1_118' title='bbox 235 2499 284 2574; x_wconf 89' lang='lat' dir='ltr'><strong>ait,</strong></span> <span class='ocrx_word' id='word_1_119' title='bbox 301 2498 375 2560; x_wconf 86' lang='lat' dir='ltr'><strong>‘ede</strong></span> <span class='ocrx_word' id='word_1_120' title='bbox 390 2512 475 2560; x_wconf 88' lang='lat' dir='ltr'><strong>tuum</strong></span> <span class='ocrx_word' id='word_1_121' title='bbox 490 2520 609 2576; x_wconf 89' lang='lat' dir='ltr'><strong>nomen,</strong></span> <span class='ocrx_word' id='word_1_122' title='bbox 624 2520 792 2581; x_wconf 88' lang='lat' dir='ltr'><strong>nomenque</strong></span> <span class='ocrx_word' id='word_1_123' title='bbox 807 2497 974 2580; x_wconf 75' lang='lat' dir='ltr'><strong>parentum,</strong></span> 
     </span>
    </p>

    <p class='ocr_par' dir='ltr' id='par_1_15' title="bbox 95 2588 1073 3052">
     <span class='ocr_line' id='line_1_21' title="bbox 97 2588 1073 2673; baseline 0.003 -21"><span class='ocrx_word' id='word_1_124' title='bbox 97 2588 139 2651; x_wconf 89' lang='lat' dir='ltr'><strong>Et</strong></span> <span class='ocrx_word' id='word_1_125' title='bbox 153 2593 296 2671; x_wconf 82' lang='lat' dir='ltr'><strong>patriam;</strong></span> <span class='ocrx_word' id='word_1_126' title='bbox 317 2594 463 2672; x_wconf 88' lang='lat' dir='ltr'><strong>morisque</strong></span> <span class='ocrx_word' id='word_1_127' title='bbox 478 2594 548 2653; x_wconf 92' lang='lat' dir='ltr'><strong>novi</strong></span> <span class='ocrx_word' id='word_1_128' title='bbox 560 2613 614 2653; x_wconf 90' lang='lat' dir='ltr'><strong>cur</strong></span> <span class='ocrx_word' id='word_1_129' title='bbox 627 2612 709 2653; x_wconf 88' lang='lat' dir='ltr'><strong>sacra</strong></span> <span class='ocrx_word' id='word_1_130' title='bbox 730 2591 919 2673; x_wconf 64' lang='lat' dir='ltr'><strong>frequentes!</strong></span> <span class='ocrx_word' id='word_1_131' title='bbox 1010 2592 1073 2655; x_wconf 82' lang='lat'><strong>165</strong></span> 
     </span>
     <span class='ocr_line' id='line_1_22' title="bbox 96 2682 1055 2803; baseline 0.001 -59"><span class='ocrx_word' id='word_1_132' title='bbox 96 2682 151 2744; x_wconf 90' lang='lat' dir='ltr'><strong>Ille</strong></span> <span class='ocrx_word' id='word_1_133' title='bbox 165 2697 247 2744; x_wconf 88' lang='lat' dir='ltr'><strong>metu</strong></span> <span class='ocrx_word' id='word_1_134' title='bbox 263 2704 383 2758; x_wconf 87' lang='lat' dir='ltr'><strong>vacuus,</strong></span> <span class='ocrx_word' id='word_1_135' title='bbox 399 2684 537 2745; x_wconf 89' lang='lat' dir='ltr'><strong>‘Nomen</strong></span> <span class='ocrx_word' id='word_1_136' title='bbox 551 2686 643 2760; x_wconf 89' lang='lat' dir='ltr'><strong>mihi‚&#39;</strong></span> <span class='ocrx_word' id='word_1_137' title='bbox 659 2685 743 2760; x_wconf 85' lang='lat' dir='ltr'><strong>dixit,</strong></span> <span class='ocrx_word' id='word_1_138' title='bbox 759 2682 1055 2803; x_wconf 46' lang='lat' dir='ltr'><strong>‘AOOEtQffl-qp&#39;-</strong></span> 
     </span>
     <span class='ocr_line' id='line_1_23' title="bbox 96 2775 1052 2875; baseline 0.003 -37"><span class='ocrx_word' id='word_1_139' title='bbox 96 2775 206 2852; x_wconf 86' lang='lat' dir='ltr'><strong>Patria,</strong></span> <span class='ocrx_word' id='word_1_140' title='bbox 220 2775 350 2838; x_wconf 73' lang='lat' dir='ltr'><strong>Maenia</strong></span> <span class='ocrx_word' id='word_1_141' title='bbox 364 2790 425 2839; x_wconf 86' lang='lat' dir='ltr'><strong>est:</strong></span> <span class='ocrx_word' id='word_1_142' title='bbox 449 2779 554 2839; x_wconf 90' lang='lat' dir='ltr'><strong>humili</strong></span> <span class='ocrx_word' id='word_1_143' title='bbox 568 2779 606 2839; x_wconf 90' lang='lat' dir='ltr'><strong>de</strong></span> <span class='ocrx_word' id='word_1_144' title='bbox 622 2779 709 2860; x_wconf 86' lang='lat' dir='ltr'><strong>plebe</strong></span> <span class='ocrx_word' id='word_1_145' title='bbox 723 2792 870 2861; x_wconf 83' lang='lat' dir='ltr'><strong>parentes.</strong></span> <span class='ocrx_word' id='word_1_146' title='bbox 896 2780 1029 2875; x_wconf 37' lang='lat' dir='ltr'><strong>&amp;a</strong></span> <span class='ocrx_word' id='word_1_147' title='bbox 1049 2808 1052 2813; x_wconf 95' lang='lat'>·</span> 
     </span>
     <span class='ocr_line' id='line_1_24' title="bbox 95 2866 1016 2963; baseline 0.003 -31"><span class='ocrx_word' id='word_1_148' title='bbox 95 2869 166 2945; x_wconf 81' lang='lat' dir='ltr'><strong>Non</strong></span> <span class='ocrx_word' id='word_1_149' title='bbox 181 2872 264 2948; x_wconf 88' lang='lat' dir='ltr'><strong>mihi,</strong></span> <span class='ocrx_word' id='word_1_150' title='bbox 280 2894 344 2955; x_wconf 85' lang='lat' dir='ltr'><strong>quae</strong></span> <span class='ocrx_word' id='word_1_151' title='bbox 360 2874 424 2935; x_wconf 87' lang='lat' dir='ltr'><strong>duri</strong></span> <span class='ocrx_word' id='word_1_152' title='bbox 438 2874 581 2949; x_wconf 86' lang='lat' dir='ltr'><strong>colerent,</strong></span> <span class='ocrx_word' id='word_1_153' title='bbox 596 2887 691 2955; x_wconf 89' lang='lat' dir='ltr'><strong>pater,</strong></span> <span class='ocrx_word' id='word_1_154' title='bbox 706 2893 776 2935; x_wconf 85' lang='lat' dir='ltr'><strong>arva</strong></span> <span class='ocrx_word' id='word_1_155' title='bbox 785 2866 1016 2963; x_wconf 47' lang='lat' dir='ltr'><strong>juvenaissssqfflp</strong></span> 
     </span>
     <span class='ocr_line' id='line_1_25' title="bbox 95 2963 863 3052; baseline 0.007 -27"><span class='ocrx_word' id='word_1_156' title='bbox 95 2963 297 3045; x_wconf 87' lang='lat' dir='ltr'><strong>Lanigerosve</strong></span> <span class='ocrx_word' id='word_1_157' title='bbox 311 2989 426 3047; x_wconf 83' lang='lat' dir='ltr'><strong>greges,</strong></span> <span class='ocrx_word' id='word_1_158' title='bbox 441 2991 500 3030; x_wconf 90' lang='lat' dir='ltr'><strong>non</strong></span> <span class='ocrx_word' id='word_1_159' title='bbox 515 2969 575 3030; x_wconf 85' lang='lat' dir='ltr'><strong>ulla</strong></span> <span class='ocrx_word' id='word_1_160' title='bbox 590 2982 722 3031; x_wconf 83' lang='lat' dir='ltr'><strong>anuenta</strong></span> <span class='ocrx_word' id='word_1_161' title='bbox 735 2969 863 3052; x_wconf 90' lang='lat' dir='ltr'><strong>reliquit.</strong></span> 
     </span>
    </p>
   </div>
   <div class='ocr_carea' id='block_1_6' title="bbox 95 3056 1072 3234">
    <p class='ocr_par' dir='ltr' id='par_1_16' title="bbox 95 3056 1072 3234">
     <span class='ocr_line' id='line_1_26' title="bbox 95 3056 1072 3143; baseline 0.008 -26"><span class='ocrx_word' id='word_1_162' title='bbox 95 3056 217 3139; x_wconf 82' lang='lat' dir='ltr'><strong>Pauper</strong></span> <span class='ocrx_word' id='word_1_163' title='bbox 231 3060 339 3139; x_wconf 85' lang='lat' dir='ltr'><strong>etipse</strong></span> <span class='ocrx_word' id='word_1_164' title='bbox 354 3061 423 3121; x_wconf 85' lang='lat' dir='ltr'><strong>fuit:</strong></span> <span class='ocrx_word' id='word_1_165' title='bbox 447 3063 566 3143; x_wconf 90' lang='lat' dir='ltr'><strong>linoque</strong></span> <span class='ocrx_word' id='word_1_166' title='bbox 581 3064 693 3125; x_wconf 91' lang='lat' dir='ltr'><strong>solebat</strong></span> <span class='ocrx_word' id='word_1_167' title='bbox 707 3078 738 3125; x_wconf 90' lang='lat' dir='ltr'><strong>et</strong></span> <span class='ocrx_word' id='word_1_168' title='bbox 748 3066 837 3124; x_wconf 89' lang='lat' dir='ltr'><strong>hamo</strong></span> <span class='ocrx_word' id='word_1_169' title='bbox 1009 3066 1072 3125; x_wconf 83' lang='lat'><strong>170</strong></span> 
     </span>
     <span class='ocr_line' id='line_1_27' title="bbox 96 3149 827 3234; baseline 0.004 -22"><span class='ocrx_word' id='word_1_170' title='bbox 96 3149 257 3232; x_wconf 85' lang='lat' dir='ltr'><strong>Decipere,</strong></span> <span class='ocrx_word' id='word_1_171' title='bbox 273 3163 304 3211; x_wconf 92' lang='lat' dir='ltr'><strong>et</strong></span> <span class='ocrx_word' id='word_1_172' title='bbox 317 3152 432 3212; x_wconf 84' lang='lat' dir='ltr'><strong>calamo</strong></span> <span class='ocrx_word' id='word_1_173' title='bbox 446 3155 582 3214; x_wconf 87' lang='lat' dir='ltr'><strong>salientes</strong></span> <span class='ocrx_word' id='word_1_174' title='bbox 596 3157 705 3214; x_wconf 88' lang='lat' dir='ltr'><strong>ducere</strong></span> <span class='ocrx_word' id='word_1_175' title='bbox 719 3157 827 3234; x_wconf 87' lang='lat' dir='ltr'><strong>pisces.</strong></span> 
     </span>
    </p>
   </div>
   <div class='ocr_carea' id='block_1_7' title="bbox 94 3243 939 3518">
    <p class='ocr_par' dir='ltr' id='par_1_17' title="bbox 94 3243 939 3518">
     <span class='ocr_line' id='line_1_28' title="bbox 94 3243 878 3322; baseline 0.003 -17"><span class='ocrx_word' id='word_1_176' title='bbox 94 3243 155 3306; x_wconf 81' lang='lat' dir='ltr'><strong>Ars</strong></span> <span class='ocrx_word' id='word_1_177' title='bbox 169 3245 210 3305; x_wconf 89' lang='lat' dir='ltr'><strong>illi</strong></span> <span class='ocrx_word' id='word_1_178' title='bbox 224 3265 278 3305; x_wconf 91' lang='lat' dir='ltr'><strong>sua</strong></span> <span class='ocrx_word' id='word_1_179' title='bbox 291 3264 397 3305; x_wconf 86' lang='lat' dir='ltr'><strong>census</strong></span> <span class='ocrx_word' id='word_1_180' title='bbox 412 3259 484 3305; x_wconf 88' lang='lat' dir='ltr'><strong>erat.</strong></span> <span class='ocrx_word' id='word_1_181' title='bbox 529 3245 610 3306; x_wconf 80' lang='lat' dir='ltr'><strong>cam</strong></span> <span class='ocrx_word' id='word_1_182' title='bbox 624 3246 752 3306; x_wconf 89' lang='lat' dir='ltr'><strong>traderet</strong></span> <span class='ocrx_word' id='word_1_183' title='bbox 766 3260 878 3322; x_wconf 85' lang='lat' dir='ltr'><strong>artem3</strong></span> 
     </span>
     <span class='ocr_line' id='line_1_29' title="bbox 96 3338 912 3429; baseline 0.002 -31"><span class='ocrx_word' id='word_1_184' title='bbox 96 3343 116 3374; x_wconf 89' lang='lat'><strong><em>“</em></strong></span> <span class='ocrx_word' id='word_1_185' title='bbox 125 3338 253 3419; x_wconf 85' lang='lat' dir='ltr'><strong>Accipe,</strong></span> <span class='ocrx_word' id='word_1_186' title='bbox 269 3358 341 3420; x_wconf 86' lang='lat' dir='ltr'><strong>quas</strong></span> <span class='ocrx_word' id='word_1_187' title='bbox 351 3338 462 3429; x_wconf 83' lang='lat' dir='ltr'><strong>¹habeo,</strong></span> <span class='ocrx_word' id='word_1_188' title='bbox 477 3338 564 3398; x_wconf 88' lang='lat' dir='ltr'><strong>studii</strong></span> <span class='ocrx_word' id='word_1_189' title='bbox 579 3359 730 3400; x_wconf 89' lang='lat' dir='ltr'><strong>successor</strong></span> <span class='ocrx_word' id='word_1_190' title='bbox 744 3353 775 3400; x_wconf 93' lang='lat' dir='ltr'><strong>et</strong></span> <span class='ocrx_word' id='word_1_191' title='bbox 788 3341 912 3416; x_wconf 86' lang='lat' dir='ltr'><strong>haeres,”</strong></span> 
     </span>
     <span class='ocr_line' id='line_1_30' title="bbox 97 3427 939 3518; baseline 0.007 -28"><span class='ocrx_word' id='word_1_192' title='bbox 97 3427 194 3505; x_wconf 86' lang='lat' dir='ltr'><strong>Dixit,</strong></span> <span class='ocrx_word' id='word_1_193' title='bbox 210 3438 229 3467; x_wconf 91' lang='lat'><strong>“</strong></span> <span class='ocrx_word' id='word_1_194' title='bbox 238 3451 311 3514; x_wconf 86' lang='lat' dir='ltr'><strong>opos</strong></span> <span class='ocrx_word' id='word_1_195' title='bbox 321 3431 351 3491; x_wconf 88' lang='lat'><strong>:&#39;’</strong></span> <span class='ocrx_word' id='word_1_196' title='bbox 373 3431 560 3513; x_wconf 81' lang='lat' dir='ltr'><strong>moriensque</strong></span> <span class='ocrx_word' id='word_1_197' title='bbox 574 3432 645 3493; x_wconf 89' lang='lat' dir='ltr'><strong>mihi</strong></span> <span class='ocrx_word' id='word_1_198' title='bbox 660 3432 732 3494; x_wconf 89' lang='lat' dir='ltr'><strong>nihil</strong></span> <span class='ocrx_word' id='word_1_199' title='bbox 747 3434 797 3495; x_wconf 82' lang='lat' dir='ltr'><strong>ille</strong></span> <span class='ocrx_word' id='word_1_200' title='bbox 810 3435 939 3518; x_wconf 78' lang='lat' dir='ltr'><strong>reliquit,</strong></span> 
     </span>
    </p>
   </div>
   <div class='ocr_carea' id='block_1_8' title="bbox 880 2762 935 2797">
    <p class='ocr_par' dir='ltr' id='par_1_18' title="bbox 880 2762 935 2797">
     <span class='ocr_line' id='line_1_31' title="bbox 880 2762 885 2769; baseline 0 0"><span class='ocrx_word' id='word_1_201' title='bbox 880 2762 885 2769; x_wconf 78' lang='grc' dir='ltr'>ι</span> 
     </span>
     <span class='ocr_line' id='line_1_32' title="bbox 884 2786 935 2797; baseline 0.02 -2"><span class='ocrx_word' id='word_1_202' title='bbox 884 2788 896 2797; x_wconf 74' lang='grc' dir='ltr'><strong>ι.</strong></span> <span class='ocrx_word' id='word_1_203' title='bbox 917 2786 935 2797; x_wconf 72' lang='grc' dir='ltr'><strong>ιι</strong></span> 
     </span>
    </p>
   </div>
   <div class='ocr_carea' id='block_1_9' title="bbox 0 0 1178 4102">
    <p class='ocr_par' dir='ltr' id='par_1_19' title="bbox 0 0 1178 4102">
     <span class='ocr_line' id='line_1_33' title="bbox 0 0 1178 4102; baseline 0 1"><span class='ocrx_word' id='word_1_204' title='bbox 0 0 1178 4102; x_wconf 95' lang='lat' dir='ltr'><strong> </strong></span> 
     </span>
    </p>
   </div>
  </div>
 </body>
</html>
