2348 4102
124 370 166 429 28
436 365 782 420 uerrucaruosnou

123 521 207 595 Quid
223 520 329 581 saciat?
351 520 476 580 multum
490 518 559 579 coeli
574 530 641 598 post
655 529 738 595 terga
752 514 905 575 relictum:

122 616 204 677 Ante
220 615 320 677 oculos
336 617 401 697 plus
417 628 471 675 est.
516 613 627 673 Animo
642 611 762 671 metitur
776 624 944 690 utrumque.

123 709 164 771 Et
179 711 279 786 rnodb,
295 732 368 793 quos
384 710 423 770 illi
439 707 498 769 lato
512 709 682 787 contingere
698 728 757 766 non
772 718 826 779 est,

122 804 269 887 Prospicit
284 827 425 867 occasus:
449 804 594 865 interdum
608 802 724 883 respicit
739 814 829 861 ortus.

122 900 265 983 Quidque
281 915 347 982 agat
362 902 487 981 ignarus,
503 912 618 980 stupet:
642 911 672 957 et
687 917 744 958 nec
758 896 845 957 sraena
859 895 991 971 remittit,
1039 898 1103 959 190

123 996 190 1058 Nec
205 999 331 1058 retinere
347 997 441 1056 valet:
466 1017 521 1055 nec
536 994 656 1054 nomina
670 992 752 1052 novit
767 1012 920 1073 equorum.

122 1092 231 1174 Sparsa
247 1112 363 1175 quoque
378 1091 408 1151 in
424 1090 504 1150 vario
519 1088 628 1170 passim
641 1087 780 1149 miracula
794 1088 882 1162 coelo,

124 1187 343 1268 Vastarumque
358 1186 439 1246 videt
454 1185 583 1267 trepidus
598 1184 753 1244 simulacra
767 1183 904 1244 serarum.

165 1281 220 1341 Est
234 1283 325 1357 locus,
340 1281 370 1341 in
385 1281 516 1361 geminos
531 1280 581 1340 ubi
596 1279 715 1339 brachia
729 1292 871 1340 concavat
885 1301 969 1341 arcus

123 1376 280 1458 Scorpios;
303 1391 332 1438 et
348 1377 444 1438 caudb
459 1377 604 1458 flexisque
619 1375 754 1457 utrinque
770 1376 885 1437 lacertis
1038 1380 1103 1440 195

120 1471 247 1553 Porrigit
262 1474 291 1534 in
306 1474 432 1555 spatium
448 1475 595 1554 signorum
610 1472 742 1533 membra
757 1472 891 1533 duorum.

121 1566 213 1631 Hune
229 1590 302 1650 puer
315 1582 348 1630 ut
362 1570 436 1651 nigri
451 1569 601 1630 madidum
616 1568 721 1629 sudore
734 1568 841 1628 veneni

122 1662 256 1725 Vulnera
269 1665 392 1726 curvata
405 1666 588 1725 minitantem
603 1664 724 1744 cuspide
741 1664 813 1723 vidit
821 1685 830 1737 ;

27 1794 30 1799 ·
121 1757 233 1819 Mentis
248 1760 343 1839 inops,
358 1758 457 1838 gelida
472 1758 624 1819 formidine
639 1759 701 1818 lora
713 1758 833 1818 remisit.

122 1850 199 1926 lluae
216 1868 371 1935 postquam
386 1876 533 1915 summum
548 1854 671 1934 tetigere
683 1853 814 1936 jacentia
828 1867 953 1934 tergum,
1033 1856 1104 1916 200

120 1947 334 2032 llxspatiantur
348 1951 435 2032 equi:
458 1951 599 2031 nulloque
614 1950 764 2010 inhibente
780 1971 834 2029 per
848 1970 932 2010 auras

120 2042 231 2125 lgnotae
246 2047 370 2125 regionis
386 2058 475 2118 eunt3
499 2044 616 2125 quique
630 2042 758 2123 impetus
770 2044 839 2121 egit,

121 2138 190 2201 Hac
204 2141 266 2200 sine
281 2142 347 2218 lege
362 2152 469 2198 ruunt:
493 2139 611 2218 altoque
626 2138 680 2196 sub
695 2138 803 2197 aethere
817 2137 884 2196 lixis

120 2233 273 2295 incursant
288 2234 389 2307 stellis,
404 2233 578 2313 rapiuntque
594 2251 647 2311 per
661 2230 726 2290 avia
739 2251 866 2292 currum.

120 2328 162 2399 llt
177 2329 267 2390 modb
282 2349 397 2390 summa
411 2340 527 2410 petunt,
543 2327 632 2387 modb
647 2348 701 2407 per
715 2327 842 2404 decliva,
859 2328 980 2409 viasque
1033 2331 1103 2391 205

120 2423 293 2508 Pracipites
307 2425 404 2506 spatio
416 2439 498 2486 teuae
514 2423 650 2506 propiore
666 2422 808 2485 seruntur.

120 2520 304 2604 Inseribsque
319 2522 378 2584 suis
393 2522 533 2584 fiaternos
548 2543 665 2583 currere
680 2521 778 2595 Luna,

120 2618 291 2678 Admiratur
306 2637 413 2697 equos:
438 2617 630 2696 ambustaque
644 2615 743 2675 nubila
759 2613 881 2675 fumant.

120 2712 286 2792 Corripitur
300 2711 435 2785 flammis,
450 2723 483 2771 ut
499 2731 622 2791 quaeque
638 2710 785 2785 altissima,
800 2712 904 2786 tellus3

120 2805 265 2889 Fissaque
281 2807 340 2888 agit
353 2807 451 2882 rimas,
467 2819 496 2867 et
510 2806 604 2866 succis
620 2818 682 2866 aret
697 2805 853 2888 ademptis.
1034 2811 1101 2871 210

120 2901 236 2964 Pabula
250 2915 427 2965 canescunt:
450 2925 519 2964 cum
534 2901 682 2965 frondibus
696 2901 787 2963 uritur
802 2902 903 2963 arbos:

120 2996 337 3081 Materiemque
352 3021 406 3060 suo
421 3001 531 3080 prabet
545 3021 631 3080 seges
646 2999 725 3061 arida
739 2999 857 3061 damn0.

121 3094 219 3157 Parva
235 3115 349 3176 queror.
395 3093 512 3173 Magnae
527 3110 652 3174 pereunt
667 3117 736 3155 cum
750 3096 898 3156 moenibus
911 3095 1015 3156 urbes:

121 3188 262 3271 Cumque
277 3189 337 3249 suis
351 3200 426 3248 totas
442 3189 558 3269 populis
574 3188 709 3248 incendia
723 3201 826 3266 gentes

120 3282 157 3347 ln
172 3287 302 3347 cinerem
316 3296 444 3344 vertunt.
489 3283 575 3343 Silvae
590 3303 659 3342 cum
673 3282 821 3342 montibus
836 3283 949 3345 ardent.
1033 3288 1098 3350 215

122 3382 218 3443 Ardet
231 3383 340 3457 Athos,
355 3379 532 3461 Taurusque
547 3377 640 3454 Cilix,
656 3391 686 3440 et
700 3378 835 3455 Tmolus,
851 3393 881 3441 et
896 3380 990 3459 OEte3

122 3475 165 3538 Et
180 3499 257 3539 nunc
273 3478 360 3553 sicca,
376 3476 456 3560 priris
471 3475 662 3539 celeberrima
678 3474 815 3553 sontibus²
829 3475 904 3554 Ide;
