2348 4102
100 387 162 449 142
410 358 761 443 unrsuonruosnon

98 541 141 605 Et
154 561 251 603 rerum
265 561 379 619 cousus,
394 554 425 604 et
440 541 510 624 quid
524 553 638 617 natura,
653 520 797 602 docebat:

97 639 182 713 Quid
198 639 292 715 deus;
312 639 393 721 unde
407 639 491 701 nives
504 659 512 714 ;
535 659 599 721 quae
614 636 743 701 fulminis
758 649 836 699 osset
849 636 955 719 orig03
1039 643 1076 704 10

96 735 225 818 Jupiter,
241 757 278 797 an
294 735 387 814 venti,
400 735 535 799 discussa
549 735 628 797 nube
644 747 801 810 tonarent3

97 831 182 906 Quid
192 846 333 917 ,quateret
347 822 465 909 terrm
484 833 543 915 quai
557 832 653 894 sidera
666 832 734 913 lege
748 844 903 907 mearent3
989 834 992 839 ’

98 927 140 992 Et
155 929 352 1014 quodcunque
368 930 451 991 latet.
496 929 672 1012 Primusque
687 927 823 990 animalia
838 928 949 991 mensis

97 1026 207 1108 Arguit
220 1027 349 1109 imponi:
374 1023 486 1109 prsstus
501 1044 619 1108 quoque
633 1017 739 1087 talibus
754 1045 805 1087 ora

98 1121 198 1184 Docta
214 1123 334 1205 quidem
348 1122 446 1198 solvit,
461 1122 515 1184 sed
530 1132 591 1184 no'n
605 1135 636 1183 et
649 1121 772 1197 credita,
790 1120 903 1183 verbis:
1038 1121 1073 1182 15

99 1217 246 1294 ‘Parcite
261 1220 410 1294 mortales,
426 1219 550 1300 dapibus
564 1231 709 1281 temerare
724 1217 856 1279 nefandis

98 1311 244 1394 Corpora.
289 1313 366 1376 Sunt
381 1313 489 1394 fruges,
504 1326 573 1375 sunt
585 1313 764 1376 deducentia
776 1335 874 1376 ramos

98 1408 237 1472 Pondere
252 1430 341 1492 poma
354 1431 419 1486 suo,
435 1408 613 1492 tumidaque
628 1411 658 1472 in
673 1411 781 1473 vitibus
794 1431 877 1473 uvae:

98 1506 175 1569 Sunt
189 1507 287 1569 herbae
303 1507 422 1570 dulces:
445 1519 525 1584 sunt,
541 1528 609 1590 quae
624 1507 780 1570 mitescere
795 1506 929 1584 flammai,

98 1602 269 1687 Mollirique
284 1608 404 1689 queant.
449 1603 517 1668 Nec
534 1601 741 1667 vobis'lacteus
758 1604 866 1666 humor
1036 1605 1073 1666 aa

98 1700 241 1783 Eripitur,
256 1723 313 1763 nec
327 1703 418 1764 mella
432 1702 528 1783 thymi
543 1701 707 1763 redolentia
722 1701 837 1762 florem.

97 1796 228 1879 Pmdiga
242 1798 368 1875 divitias,
383 1798 580 1880 alimentaque
595 1797 677 1859 mitia
690 1797 778 1858 tellus

98 1891 253 1975 Suggerit:
277 1907 366 1977 atque
381 1894 562 1978 epulas'sinc
576 1893 658 1956 caede
673 1907 704 1955 et
717 1893 861 1974 sanguiue
876 1893 1000 1976 prabet.

97 1989 199 2054 Came
214 1990 281 2054 ferae
297 1992 401 2055 sedant
410 1991 542 2076 jejunia:
564 2013 622 2054 neo
636 2005 738 2053 tamen
751 2011 866 2054 ornnes.

98 2086 224 2170 Quippe
240 2108 345 2172 equus,
361 2101 391 2149 et
405 2089 548 2170 pecudes,
557 2102 748 2171 amentaque
760 2088 890 2170 gramine
904 2089 1020 2150 vivunt.
1035 2089 1073 2149 25

97 2184 142 2246 At
156 2185 262 2266 quibus
275 2185 485 2264 ingenium-est
499 2185 799 2267 immansuetumque,
813 2184 979 2270 fcmmque,

97 2279 306 2362 Anneniaeque
321 2280 420 2360 tigres,
435 2279 625 2362 iracundique
640 2280 752 2356 leones,

97 2374 239 2459 Cumque
254 2376 330 2458 lupis
344 2376 414 2453 ursi,
429 2376 553 2458 dapibus
567 2377 793 2458 cumsanguine
808 2376 949 2457 gaudent.

97 2471 168 2536 Heu
184 2487 327 2557 quantum
341 2475 437 2536 scelus
452 2488 507 2551 est,
522 2474 551 2536 in
568 2473 681 2537 viscera
695 2474 811 2554 viscera
823 2473 923 2549 condi,

98 2569 311 2653 Congestoque
327 2571 446 2631 avidum
461 2571 655 2652 pinguescere
669 2590 794 2651 corpore
808 2589 938 2652 corpus3
1034 2568 1074 2628 30

99 2665 288 2746 Alteriusque
303 2665 482 2726 animantem
497 2665 651 2726 animantis
666 2666 765 2727 vivere
780 2666 861 2728 leto!

96 2759 218 2822 Scilicet
233 2760 263 2822 in
278 2760 365 2822 tantis
379 2760 496 2843 opibus,
512 2781 584 2843 quas
599 2761 711 2843 optima
725 2775 852 2823 matrum

96 2857 192 2920 Terra
207 2858 293 2940 parit,
308 2857 350 2920 nil
365 2858 465 2920 tenisi
480 2856 571 2920 tristia
584 2857 725 2919 mandere
740 2878 820 2920 savo

98 2953 232 3017 Vulnera
246 2956 336 3017 dente
346 2955 442 3039 juvat,
457 2956 588 3039 ritusque
603 2953 711 3016 referre
726 2954 921 3037 Cyclopum?

97 3049 174 3125 Nec,
189 3052 244 3112 nisi
259 3052 419 3133 perdideris
434 3053 535 3129 alium,
550 3054 668 3135 placare
685 3052 807 3128 voracis,
879 3069 881 3073 ’
945 3084 953 3091 -
1035 3049 1075 3112 35
1113 3077 1117 3085 ’

97 3147 138 3209 Et
154 3147 231 3208 male
247 3148 351 3208 morati
366 3148 476 3228 poteris
487 3149 601 3233 jejunia
618 3150 746 3211 ventris?

140 3246 183 3306 At
200 3258 283 3305 vetus
298 3242 347 3304 illa
363 3256 442 3320 aetas,
456 3245 505 3306 cui
520 3244 643 3306 secunus
658 3246 762 3307 Aurea
775 3265 896 3321 nomen,

96 3341 234 3404 Foetibus
249 3340 388 3417 arboreis,
404 3353 445 3416 et,
461 3361 534 3422 quas
548 3341 657 3403 humus
673 3334 790 3417 educat,
805 3342 903 3403 herbis

97 3437 259 3500 Fortunata
275 3437 345 3502 fuit:
369 3459 426 3501 nec
441 3437 546 3520 polluit
560 3460 611 3501 ora
625 3460 739 3501 cruore.

96 3533 186 3598 Tunc
201 3548 231 3598 et
246 3557 317 3599 aves
332 3549 401 3600 tute
415 3535 538 3598 morire
553 3557 607 3620 per
621 3539 691 3599 aera
704 3555 836 3619 pennas3
1035 3534 1078 3596 40
