2348 4102
494 377 603 435 LIBER
627 379 684 432 XV.

99 527 143 594 Et
156 530 242 613 lepus
258 529 423 612 impavidus
436 529 543 592 mediis
559 530 666 592 erravit
681 530 711 591 in
727 529 802 611 agris
812 549 826 591 t

98 627 167 690 Nec
182 649 235 689 sua
250 627 406 689 credulitas
421 626 533 708 piscem
548 627 742 710 suspenderat
756 627 863 689 harno:

97 723 220 786 Cuncta
234 724 297 785 sine
312 723 432 799 insidiis,
447 723 617 806 nullamque
631 723 765 785 timentia
779 722 924 800 fraudem,

98 819 254 903 Plenaque
270 819 351 900 pacis
366 832 458 880 erant.
504 818 669 900 Postquam
683 839 743 880 non
757 819 835 880 utilis
849 832 951 882 auctor

49 966 51 969 ,
100 915 237 978 Victibus
252 916 365 991 invidit,
384 914 530 1000 (quisquis
545 914 600 977 nris
614 915 663 976 ille
676 912 819 999 virorum)
1036 917 1079 985 45

72 1021 75 1027 '
99 1012 328 1096 Corporeasque
340 1013 435 1096 dapes
450 1013 568 1075 avidam
584 1012 724 1075 demersit
739 1013 768 1074 in
784 1014 884 1074 alvum
892 1033 902 1088 ;

99 1108 188 1171 Fecit
204 1111 258 1171 iter
271 1111 391 1172 sceleri:
416 1110 571 1193 primaque
586 1131 604 1172 e
619 1110 701 1172 eade
715 1109 842 1173 ferarum

98 1204 261 1269 Incaluisse
275 1221 379 1291 putem
394 1207 575 1295 maculatum
589 1208 731 1290 sanguine
748 1207 867 1271 senum.
951 1266 953 1270 .

99 1303 195 1387 quue
210 1305 278 1366 satis
288 1303 405 1367 firerat:
429 1318 620 1389 nostrumque
634 1305 767 1389 petentia
780 1307 875 1375 letum

98 1399 235 1483 Corpora
249 1401 338 1463 missa
350 1403 428 1477 neci,
443 1402 526 1463 salva
540 1404 661 1484 pietate,
677 1402 820 1465 fatemur:
1038 1401 1080 1466 50

93 1498 162 1563 sed
177 1503 267 1581 quam
282 1497 380 1560 danda
393 1498 471 1572 neei',
486 1510 547 1558 tarn
561 1513 621 1559 non
636 1499 785 1579 epulanda
798 1497 927 1560 firerunt.

98 1593 232 1674 Longius
247 1592 315 1654 inde
330 1592 412 1653 nefas
427 1593 514 1653 abiit:
538 1605 569 1654 et
584 1593 679 1674 prima
693 1607 813 1674 putatur

98 1683 207 1753 Hostia
221 1709 271 1750 sus
285 1688 427 1750 memisse
441 1689 526 1766 mori,
542 1689 611 1771 quia
625 1689 737 1751 semina
752 1690 850 1772 pando

98 1786 219 1849 Eruerit
234 1799 337 1861 rostro,
353 1807 497 1869 spemque
513 1786 703 1872 interceperit
718 1786 798 1849 anui.
903 1783 906 1788 ’
1040 1865 1041 1868 ¹

98 1883 172 1947 Vite
187 1903 279 1965 caper
291 1882 390 1948 morsa
403 1883 519 1945 Bacchi
532 1884 706 1947 mactandus
720 1884 758 1946 ad
772 1905 836 1946 aras
1037 1885 1079 1948 55

97 1972 228 2043 Ducitur
241 1979 352 2041 ultoris.
398 1977 428 2040 N
430 1980 510 2041 ocuit
524 2001 577 2042 sua
591 1980 681 2063 eulpa
695 1980 820 2042 duobus.

98 2076 183 2150 Quid
198 2076 343 2137 meruistis
357 2095 440 2152 oves,
457 2077 607 2159 placidum
622 2098 725 2160 pecus,
740 2078 830 2164 inque
845 2075 972 2140 tuendos

98 2167 211 2235 Natum
226 2173 371 2248 homines,
386 2174 476 2255 pleno
490 2176 554 2256 quae
570 2164 649 2237 fertis
664 2175 694 2236 iu
708 2175 800 2238 ubere
815 2175 939 2246 uectari

98 2269 204 2333 Mollia
219 2290 282 2353 quae
298 2271 383 2331 uobis
397 2284 508 2332 vestras
523 2273 670 2360 velamina
684 2272 766 2335 lanas

97 2367 251 2442 Praebetls‚
267 2359 387 2448 vitiaque
401 2365 506 2448 magis,
522 2369 611 2448 quam
624 2381 720 2430 morte
731 2369 852 2451 juvatis.
1034 2369 1078 2433 60

66 2458 68 2462 ’
97 2463 182 2537 Quid
197 2463 334 2526 meruere
349 2462 452 2538 boves,
468 2462 575 2524 animal
591 2463 654 2524 sine
668 2462 772 2524 fraude
786 2463 931 2545 dolisque,
954 2473 956 2476 ⁴

96 2558 273 2637 Innocuam,
289 2558 428 2641 simplex,
443 2571 544 2620 uatum
561 2560 686 2622 tolerare
702 2559 838 2622 labores?
922 2548 926 2554 ¹

96 2653 260 2719 immemor
273 2669 318 2718 est
332 2655 465 2732 demum,
480 2677 536 2716 nec
552 2657 669 2738 frugum
683 2677 806 2732 munere
821 2657 937 2739 dignus,

96 2753 161 2827 Qui
177 2755 273 2836 potuit
287 2754 370 2815 curvi
384 2753 507 2836 dempto
520 2754 611 2816 modd
625 2755 757 2838 pondere
772 2756 859 2818 aratri

96 2851 271 2913 Ruricolam
285 2863 415 2912 mactare
431 2872 535 2912 suurn:
560 2852 610 2933 qui
624 2853 691 2913 trita
705 2853 806 2913 labore
895 2857 897 2862 ’
1035 2853 1078 2916 65

98 2947 160 3025 Illa,
177 2948 283 3031 quibus
297 2948 384 3009 toties
399 2946 506 3007 durum
521 2959 715 3008 renovaverat
725 2967 843 3023 >arvum

95 3045 158 3108 Tot
174 3046 296 3107 dederat
310 3063 433 3118 messes,
449 3042 594 3124 percussit
607 3043 685 3106 eolla
698 3045 804 3106 securi.
840 3085 844 3091 -

137 3141 207 3204 Nec'
220 3142 289 3204 satis
304 3154 359 3217 est,
376 3139 456 3224 quod
470 3140 529 3202 tale
544 3140 627 3203 nefas
643 3141 852 3206 committitur:
876 3143 957 3227 ipsos

97 3240 275 3322 luseripsdre
290 3240 362 3301 deos
378 3239 492 3316 sceleri,
508 3260 679 3324 numenque
698 3261 860 3325 supernum

95 3337 189 3402 Caede
204 3335 351 3399 laboriferi
366 3337 492 3398 credunt
506 3338 635 3417 gaudere
646 3337 779 3423 juvenci.
1035 3341 1078 3402 'to

97 3434 229 3498 Victima
243 3435 309 3496 labe
326 3454 441 3509 carens,
456 3445 487 3495 et
502 3436 738 3516 prestantissima
756 3433 863 3512 sonna,

98 3531 195 3620 (Nam
211 3532 355 3615 placuisse
370 3529 474 3615 nocet)
490 3531 571 3596 vittis
584 3533 734 3616 praesignis
748 3545 780 3596 ot
792 3546 877 3611 arno,
