2348 4102
98 373 161 435 1³2
418 348 768 426 unranoarnosaon

97 525 251 607 Factaque
266 524 413 586 Threiciis
429 525 557 606 ingentia
572 525 694 585 vulnera
708 523 785 585 telis.
1013 528 1070 592 530

97 620 230 683 Troades
245 621 430 682 exclamant:
453 620 600 682 obmutuit
616 620 665 680 illa
680 620 800 694 dolore;

96 716 139 778 Et
153 718 260 799 pariter
276 737 391 791 vocem,
405 717 609 798 lacrymasque
626 716 764 777 introrsus
778 716 896 779 obortas

96 812 232 875 Devorat
246 814 309 895 ipse
324 813 423 875 dolor:
448 813 579 894 duroque
595 812 740 872 simillima
754 832 828 874 saxo

96 908 229 991 Torpet:
253 919 285 971 et
300 908 424 970 adversis
437 908 499 988 figit
513 907 602 968 modo
616 908 728 968 lumina
741 908 836 984 terrim

97 1004 249 1066 Interdum
264 1019 362 1066 torvos
377 1004 501 1065 sustollit
516 1004 553 1064 ad
568 1004 676 1063 ethera
693 1005 807 1064 vultus:
1010 1009 1064 1069 535

98 1101 188 1163 Nunc
203 1101 289 1184 positi
303 1114 419 1183 spectat
434 1100 559 1174 vultum,
574 1120 654 1159 nunc
669 1099 801 1175 vulnera,
816 1101 887 1178 nati,
959 1093 961 1103 ἱ

60 1270 64 1279 1
99 1196 233 1258 Vulnera
247 1197 411 1278 praecipue:
436 1217 527 1278 seque
543 1208 635 1256 armat
650 1209 681 1257 et
696 1195 809 1257 instruit
823 1197 877 1259 ira.

97 1293 172 1366 Quis
186 1293 272 1354 simul
288 1293 406 1366 exarsit,
421 1305 561 1373 tanquam
576 1292 834 1373 regina‘maneret,

97 1387 210 1451 Ulcisci
224 1388 342 1463 statuit;
366 1407 522 1469 poenaeque
537 1388 567 1448 in
582 1388 709 1467 imagine
725 1401 787 1450 tota
802 1402 858 1451 est.

97 1483 200 1568 thue
215 1482 282 1546 surit
296 1484 395 1546 catulo
409 1484 537 1545 lactente
553 1484 653 1545 orbata
668 1483 770 1560 leaena,
937 1552 946 1562 ,
1011 1489 1064 1550 540

98 1581 247 1665 Signaque
262 1594 349 1642 nacta
364 1581 486 1662 pedum,
502 1580 747 1661 sequitursquem
762 1601 821 1641 non
834 1581 928 1660 videt,
939 1584 1062 1658 hostem:

97 1677 148 1740 Sic
163 1677 302 1754 Hecube,
319 1690 476 1760 postquam
491 1698 560 1737 cum
575 1677 656 1737 luctu
670 1676 786 1737 miscuit
796 1674 885 1754 iram,

98 1773 167 1836 Non
183 1775 273 1836 oblita
288 1775 462 1847 animorum,
477 1771 724 1832 annomm'oblita
739 1793 871 1852 suorum,

99 1870 191 1933 Vadit
206 1872 244 1933 ad
258 1871 398 1934 artificem
413 1869 481 1931 dire
496 1868 703 1951 Polymestore
716 1869 823 1931 cadis:

97 1966 349 2051 Colloquiumque
364 1968 458 2051 petit:
481 1987 549 2028 nam
565 1986 597 2027 se
612 1979 774 2027 monstrare
789 1967 925 2031 relictum
1010 1971 1067 2032 545

99 2064 187 2126 Velle
201 2065 295 2126 latens
309 2064 359 2140 illi,
376 2064 455 2146 quod
470 2077 539 2125 nato
553 2063 701 2139 redderet,
716 2083 830 2125 aurum.

97 2159 233 2222 Credidit
247 2159 410 2240 Odrysius:
434 2160 598 2241 praedaeque
613 2160 752 2221 adsuetus
767 2181 866 2222 amore

97 2258 133 2320 In
148 2272 262 2321 secreta
277 2258 374 2319 venit:
397 2278 467 2317 cum
480 2257 589 2319 blando
603 2258 726 2320 callidus
741 2282 802 2336 ore,

98 2354 205 2417 ‘Tolle
219 2376 327 2431 moraS,
343 2352 492 2432 Hecube,’
509 2355 599 2417 dixit:
624 2355 680 2417 ‘da
695 2378 817 2419 munere
832 2370 913 2421 nato.

97 2453 198 2515 Omne
214 2452 276 2516 sore
291 2452 366 2514 illius
381 2453 461 2537 quod
476 2453 538 2530 das,
556 2453 636 2535 quod
651 2467 681 2513 et
696 2454 763 2516 ante
779 2455 896 2532 dedisti,
1011 2457 1069 2518 550

98 2550 159 2612 Per
172 2572 295 2633 superos
306 2549 395 2632 juro)
420 2630 422 2635 Ι
441 2550 565 2632 Spectet
580 2541 744 2611 tmoulenta
763 2552 946 2633 loquentem,

97 2646 246 2726 Falsaque
256 2645 422 2727 jurantem:
446 2646 618 2728 tumidaque
634 2662 777 2710 exaestuat
791 2649 835 2710 ira
844 2671 857 2725 3,

97 2743 199 2826 Atque
215 2742 256 2803 ita
271 2754 439 2822 correptum
453 2742 636 2823 captivarum
651 2745 767 2821 agmine
783 2759 909 2808 matrum

96 2838 223 2915 lnvolat‚
238 2853 269 2901 et
284 2837 388 2919 digitos
404 2838 433 2900 in
449 2837 559 2921 perfide
573 2839 685 2900 lumina
699 2841 810 2922 condit,

97 2937 311 3019 Exspoliatque
327 2957 417 3016 genas
432 2937 523 2999 oculis
541 2935 625 3021 (lacit
639 2937 680 2998 ira
696 2938 860 3022 valentem)
1012 2941 1070 3002 555

97 3034 307 3114 Immergitque
322 3056 443 3095 manus:
468 3035 636 3117 foedataque
652 3036 793 3115 sanguine
809 3037 885 3098 sonti

98 3129 166 3192 Non
181 3132 293 3204 lumen,
309 3151 406 3210 neque
422 3132 500 3191 enim
515 3146 659 3212 superest,
674 3133 740 3194 loca
754 3133 871 3196 luminis
887 3134 995 3197 haurit.

139 3226 235 3289 Clade
251 3226 294 3287 sui
310 3225 463 3286 Tln‘acum
478 3248 550 3306 gens
565 3227 672 3290 irritata
687 3231 804 3312 tyranni

96 3326 217 3388 Troada
232 3325 358 3387 telomm
373 3323 564 3405 lapidumque
580 3324 727 3387 incessere
739 3327 822 3410 jactu

96 3424 210 3505 Coepit.
256 3424 299 3485 At
315 3422 378 3482 hac
393 3421 513 3483 missum
529 3444 618 3484 rauco
632 3446 700 3485 oum
716 3445 866 3485 murmure
880 3445 988 3487 saxum
1011 3425 1072 3487 560

95 3518 244 3581 Morsibus
259 3519 436 3601 insequitur:
459 3519 593 3603 rictuque
608 3522 638 3581 in
653 3521 742 3582 verbe
757 3534 859 3603 parato
