2348 4102
470 361 579 415 LIBER
594 363 643 415 111.

61 507 156 573 Cedit
171 506 358 590 Agenorides
373 510 512 590 panlirm:
537 512 690 594 spolioque
706 510 799 572 leonis

61 605 197 666 Sustinet
211 603 343 665 incursus
355 625 364 679 ;
387 605 583 687 instantiaque
597 628 649 667 oru
663 607 791 668 retardat

60 698 199 780 Cuspide
215 699 369 779 praetenti.
413 698 499 761 Furit
513 701 573 776 ille,
589 715 620 762 et
634 701 731 762 inania
745 702 819 762 duro
1001 701 1045 764 60

63 792 198 854 Vulnera
212 794 263 855 dat
277 792 373 856 ferro:
397 793 560 878 frangitque
575 797 604 856 in
620 796 756 857 acumine
772 795 886 856 dentes

59 887 191 970 Jamque
208 888 378 963 venenifero
392 890 510 968 sanguis
524 910 644 950 manare
663 891 762 972 palato

59 980 226 1063 Coeperat3
250 994 280 1042 et
297 980 401 1043 virides
416 983 590 1063 adspergine
606 983 734 1043 tinxerat
749 982 871 1044 herbas:

60 1075 123 1141 Sed
138 1077 206 1138 leve
222 1078 328 1138 vulnus
343 1090 422 1138 erat:
447 1079 562 1159 quisse
577 1071 745 1138 retrahebat
760 1078 797 1138 ab
812 1078 892 1153 ictu;

59 1171 208 1254 Laesaque
224 1172 300 1234 colla
315 1173 403 1233 dabat
418 1186 512 1248 retro3
535 1173 713 1254 plagamque
728 1173 831 1234 sedere
847 1231 860 1241 ,
1001 1173 1044 1234 65

60 1265 210 1328 Cedendo
225 1268 354 1343 arcebat,
368 1289 426 1329 nec
440 1267 556 1348 longius
570 1268 612 1328 ire
627 1268 758 1329 sinebat:
855 1326 860 1335 ,

59 1360 169 1423 Donec
184 1362 371 1443 Agenorides
385 1362 554 1446 conjectum
569 1364 599 1424 in
613 1376 730 1443 gutture
746 1359 856 1431 ferrum

59 1453 166 1538 Usque
182 1478 310 1538 sequens
324 1457 439 1539 pressit,
455 1458 525 1518 dum
541 1471 618 1519 retro
633 1478 759 1538 quereus
774 1457 857 1519 eunti

58 1550 201 1628 Obstitit;
223 1565 254 1612 et
268 1553 330 1612 fixa
344 1567 389 1613 est
404 1553 510 1633 pariter
524 1573 593 1613 curn
608 1553 712 1622 robore
726 1552 841 1613 cervix.

58 1645 198 1708 Pondere
214 1647 360 1727 serpentis
375 1659 495 1719 curvata
510 1658 555 1707 est
570 1646 664 1721 arbor,
681 1658 711 1707 et
726 1646 790 1707 'une
999 1649 1043 1710 70

58 1740 150 1803 Parte
165 1742 307 1822 flagellari
321 1741 435 1822 gemuit
449 1762 503 1803 sua
516 1741 620 1803 robora
633 1740 747 1802 caudae.

101 1836 187 1898 Dum
201 1838 328 1918 spatium
344 1837 438 1899 vietor
451 1837 522 1899 vieti
535 1837 701 1899 considerat
716 1836 825 1912 hostis3

59 1931 132 1993 Vox
147 1931 246 1993 subitd
260 1933 360 1993 audita
374 1945 436 1993 est:
463 1920 575 2015 (neque
591 1944 653 1993 erat
667 1951 846 2010 cognoscere
861 1943 1033 2012 promptum

57 2025 168 2101 Unde;
191 2027 244 2088 sed
259 2027 359 2088 audita
372 2024 434 2111 est)
452 2025 565 2103 ‘Quid
581 2027 722 2106 Agenore
737 2038 817 2101 nate,
833 2037 1023 2108 peremptum

57 2121 238 2202 Serpentem
252 2123 391 2203 spectas?
414 2134 445 2183 et
459 2134 491 2183 tu
505 2122 679 2204 spectabere
694 2120 839 2203 serpens?
998 2120 1041 2184 te

27 2216 31 2223 '
57 2214 114 2277 Ille
128 2215 179 2276 din
195 2216 330 2297 pavidus,
346 2217 456 2298 pariter
469 2238 538 2279 cum
553 2219 659 2279 mente
668 2217 800 2279 colorem

56 2309 250 2386 Perdiderat}
272 2312 430 2394 gelidoque
444 2334 535 2373 comae
551 2324 661 2373 terrore
675 2313 821 2391 rigebant.

101 2404 185 2466 Eece
200 2405 252 2467 viri
269 2404 388 2478 fautrix,
404 2424 524 2486 superas
539 2405 662 2484 delapsa
675 2425 729 2484 per
744 2426 839 2480 auras,

57 2498 158 2561 Pallas
173 2501 276 2562 adest:
300 2512 447 2580 motaeque
458 2497 544 2581 jubet
559 2517 726 2579 supponere
742 2512 826 2559 terre

58 2593 207 2677 Vipereos
222 2595 338 2669 denteS,
354 2594 456 2675 populi
471 2593 653 2655 incrementa
667 2591 766 2654 futuri.
996 2592 1040 2655 80

56 2688 165 2751 Paret:
190 2704 221 2752 et
235 2703 268 2751 ut
284 2710 386 2771 presso
400 2689 515 2751 sulcum
531 2687 672 2770 patefecit
686 2702 792 2764 aratro,

55 2785 177 2867 spargit
192 2786 274 2857 humi
283 2785 392 2868 jussos,
408 2782 541 2847 mortalia
555 2785 678 2859 semina,
694 2785 809 2847 dentes.

56 2878 132 2941 fnde
151 2878 224 2964 (fide
239 2879 348 2964 majus)
365 2881 457 2961 glebae
473 2881 595 2961 eoepero
609 2879 738 2963 moveri:

56 2973 219 3056 Primaque
235 2976 273 3036 de
287 2976 376 3037 sulcis
392 2975 470 3036 acies
485 2974 620 3055 apparuit
635 2974 736 3034 hasta.

56 3068 207 3150 Tegmina
220 3092 292 3132 mox
307 3070 438 3151 capitum
452 3069 534 3150 picto
548 3069 682 3130 nutantia
694 3089 788 3130 cono:
995 3072 1039 3145 85

55 3162 137 3243 Mon
152 3165 269 3227 humeri
283 3178 458 3248 pectusque,
473 3178 653 3248 onerataque
667 3164 788 3231 brachia
801 3163 867 3228 telis
881 3178 885 3183 ’

55 3257 233 3321 Exsistunt:
255 3262 420 3343 crescitque
434 3282 520 3342 seges
536 3262 676 3343 clypeata
690 3262 828 3324 virorum.

55 3354 120 3431 Sic,
135 3357 186 3418 ubi
200 3358 341 3419 tolluntur
355 3357 435 3421 festis
451 3359 543 3419 aulaea
556 3358 687 3435 theatris,

314 3455 335 3513 4
