2348 4102
475 372 649 429 EPISTOLA
671 376 696 429 ·1.

93 517 158 586 Nos
175 520 285 606 Pylon,
300 524 410 608 antiqui
427 524 536 588 Neleia
550 526 684 590 Nestoris
700 522 780 604 arva,

136 619 291 682 Misimus:
315 622 425 683 incerta
441 637 485 685 est
501 623 579 686 sarna
592 625 714 686 remissa
729 623 819 706 Pylo·

91 714 231 779 Misimus
246 731 277 780 et
292 718 436 800 Sparten:
461 719 567 802 Sparte
584 741 702 803 quoque
718 720 818 782 nescia
832 719 904 783 veri.

135 811 221 887 Quas
238 815 349 876 habitas
365 828 467 891 terras,
483 828 534 877 aut
549 817 598 877 ubi
613 817 710 880 lentus
726 810 817 877 abeat
850 813 883 871 ie
944 853 948 861 -
991 804 994 808 ’
1029 818 1073 882 60

91 907 202 971 Utilius
217 923 328 973 starent
343 911 432 972 etiam
447 933 527 973 nunc
542 912 654 973 moenia
671 910 813 974 Phoebi.l
837 914 846 927 ”

136 1004 264 1090 (Irascor
278 1007 353 1069 votis
368 1007 428 1068 heu
443 1008 517 1069 levis
532 1009 596 1092 ipsa
610 1008 684 1070 meis
697 1005 721 1092 !)

91 1099 206 1163 Scirem
221 1103 271 1164 ubi
286 1124 451 1185 pugnares3
473 1117 504 1165 et
519 1105 633 1166 tantum
648 1105 727 1166 bella
737 1104 897 1181 timerem3
995 1177 999 1183 „

133 1195 175 1259 Et
189 1219 257 1259 mea
271 1219 340 1260 cum
355 1200 454 1262 multis
465 1199 571 1283 juncta
586 1201 708 1284 querela
720 1199 806 1263 soret.
916 1211 923 1218 ⁸

89 1290 176 1365 Quid
190 1295 309 1356 timeam
324 1297 443 1377 ignom:
467 1297 558 1360 timeo
572 1311 672 1360 tamen
687 1298 786 1361 omnia
800 1297 938 1363 demens:
992 1351 995 1355 .
1027 1303 1070 1364 65

132 1387 174 1450 Et
191 1403 270 1472 patet
284 1393 314 1452 in
329 1414 413 1454 ouras
428 1414 496 1455 area
509 1395 570 1455 lata
584 1415 675 1456 meas.

88 1483 288 1570 Quaeounque
304 1509 403 1570 aequor
417 1488 517 1564 habet,
534 1510 716 1571 quacunque
732 1492 865 1571 pericula
878 1492 975 1566 tellus,

130 1581 212 1643 Tam
226 1584 321 1663 longae
336 1604 439 1644 causas
453 1584 587 1664 suspicor
601 1604 667 1644 esse
680 1604 779 1646 morae.

87 1675 163 1740 Haee
179 1698 236 1759 ego
251 1678 322 1740 dum
337 1679 426 1741 stulte
442 1679 568 1741 meditor
584 1677 664 1765 (quae
680 1692 777 1742 vestra
791 1681 880 1744 libido
895 1681 955 1765 est)

129 1773 207 1836 Esse
223 1776 379 1856 peregrino
393 1789 498 1859 captus
513 1797 612 1839 amore
628 1789 739 1860 potes.⁴
1025 1782 1069 1843 70

85 1869 224 1934 Forsitan
239 1884 270 1933 et
284 1893 393 1948 narres,
409 1874 499 1955 quim
513 1873 550 1934 sit
564 1873 616 1935 tibi
630 1873 738 1936 rustica
751 1873 881 1958 conjux;

98 1968 105 1978 '
131 1965 210 2040 Quae
226 1969 341 2030 tantum
351 1968 432 2030 lanas
447 1990 506 2031 non
521 1970 595 2031 sinat
610 1990 675 2031 esse
690 1969 789 2032 rudes.
816 2028 817 2031 ,

85 2061 204 2140 Fallar3
228 2078 258 2126 et
273 2065 330 2127 hoo
345 2065 457 2127 crimen
472 2079 576 2127 tenues
592 2079 732 2128 vanescat
745 2066 775 2129 in
790 2088 892 2130 auras:

129 2160 228 2237 Neve,
243 2162 411 2224 revertendi
425 2163 509 2239 liber,
525 2163 628 2224 abesse
639 2163 727 2225 velis.
756 2185 765 2192 ··

86 2255 141 2319 Me
157 2271 242 2339 pater
256 2256 366 2320 Icarius
382 2259 471 2320 viduo
486 2259 638 2322 discedere
652 2260 731 2335 lecto

129 2352 230 2434 Cogit,
246 2368 277 2415 et
291 2354 448 2415 immensas
464 2355 705 2436 increpatusque
720 2376 827 2419 moras.

85 2448 225 2533 Increpet
239 2471 333 2534 usque
348 2450 434 2512 licet:
457 2463 508 2512 tua
523 2471 606 2526 sum,
615 2463 667 2510 tua
681 2451 761 2512 dicar
776 2465 893 2532 oportet
928 2492 930 2496 ν

129 2545 301 2630 Penelope:
325 2546 435 2630 conjux
450 2567 568 2628 semper
583 2545 701 2627 Ulyssis
715 2566 779 2608 ero.

85 2641 140 2704 Ille
156 2657 256 2705 tamen
274 2644 385 2725 pietate
400 2644 468 2706 meai
483 2643 679 2726 precibusque
694 2642 808 2726 pudicis

128 2738 295 2821 Frangitur,
312 2753 343 2802 et
358 2740 433 2803 vires
448 2753 593 2823 temperat
607 2741 671 2822 ipse
685 2762 763 2802 suas.
1021 2742 1065 2806 8⁰

85 2836 228 2912 Dulichii,
241 2837 403 2920 Samiique,
419 2851 459 2912 et,
475 2859 548 2919 quos
563 2837 629 2898 tulit
644 2837 703 2896 alta
718 2836 903 2918 Zacynthos,

127 2932 231 2994 Turba
245 2946 333 2994 ruunt
348 2934 378 2993 in
393 2953 441 2994 me
456 2932 616 3005 luxuriosa,
632 2930 731 3011 proci:

87 3028 179 3112 lnque
194 3030 245 3091 tub
259 3040 393 3110 regnant,
408 3027 493 3088 nullis
509 3026 740 3109 prohibentibus,
755 3026 833 3089 aulai.

130 3125 254 3187 Viscera
268 3140 376 3201 nostra,
392 3138 448 3186 tuae
465 3124 641 3186 dilaniantur
654 3144 738 3207 opes.

84 3219 169 3295 Quid
184 3223 235 3283 tibi
251 3217 439 3297 Pisandrum,
455 3220 677 3304 Polybumque,
693 3220 898 3305 Medontaque
914 3222 1026 3299 dirum,-

128 3318 370 3401 Eurymaohique
385 3319 496 3393 avidas,
514 3319 696 3401 Antinoique
711 3339 826 3392 manus,
1020 3319 1062 3380 86

84 3415 187 3498 Atque
204 3415 275 3476 alios
290 3406 425 3488 referam,
442 3435 515 3496 quos
529 3434 632 3476 ornnes
648 3415 772 3496 turpiter
786 3413 891 3474 absens
931 3423 932 3428 ’

127 3512 196 3596 Ipse
212 3526 263 3575 tuo
278 3511 366 3595 partis
381 3511 522 3591 sauguine
537 3511 624 3600 rebus
640 3511 715 3572 alis?
738 3542 745 3551 ·
