2348 4102
407 373 474 426 nra.
494 344 540 427 1'v.
572 377 709 430 ccccm
728 380 775 447 gx.v

99 518 188 603 Saepe
202 535 287 603 pater
300 521 384 599 dixit,
400 523 538 586 Studium
553 527 623 608 quid
638 527 740 589 inutile
754 531 871 592 tentas?

142 616 306 679 Maeonides
321 619 415 681 nullas
430 621 493 702 ipse
509 622 626 704 reliquit
640 645 723 705 opes.

98 709 203 773 Motus
219 734 298 774 eram
314 714 414 777 dictis:
438 729 559 799 totoque
575 716 722 779 Helicone
736 719 848 796 relicto,

141 807 275 870 Scribere
290 811 418 872 conabar
431 812 520 873 verba
535 812 629 874 soluta
642 814 747 875 modis.

99 903 213 984 Sponte
228 905 283 965 suit
296 926 433 967 numeros
447 927 567 968 carmen
582 909 719 970 veniebat
733 909 771 970 ad
785 921 886 991 aptos:

141 997 194 1073 Et,
210 999 288 1081 quod
303 1003 452 1063 tentabam
467 1003 575 1078 dicere,
591 1023 692 1064 versus
707 1018 779 1066 erat.

99 1090 227 1169 Interea,
243 1096 331 1156 tacito
346 1117 432 1176 passu
448 1097 611 1159 labentibus
627 1100 721 1176 annis,

142 1188 275 1251 Liberior
289 1190 367 1253 fratri
381 1205 509 1277 sumpta,
524 1193 665 1275 mihique,
681 1208 749 1276 toga
764 1208 829 1258 est:

98 1283 290 1369 induiturque
305 1288 443 1349 humeros
458 1310 526 1350 cum
541 1290 601 1351 lato
616 1311 747 1372 purpura
761 1292 863 1353 clavo:

142 1380 184 1442 Et
198 1382 326 1443 studium
340 1384 434 1458 nobis,
450 1385 528 1465 quod
542 1384 596 1447 fuit
611 1385 689 1461 autb,
704 1401 816 1449 manet·
841 1381 845 1390 ’

98 1474 227 1560 Jamque
242 1478 348 1539 decern
360 1478 425 1538 vitae
439 1478 527 1538 frater
542 1479 742 1558 geminaverat
756 1501 858 1557 annos,

140 1571 222 1634 cum
238 1573 331 1653 perit3
354 1584 384 1632 et
397 1573 477 1653 coepi
492 1586 574 1654 parte
589 1593 688 1634 carere
702 1576 772 1635 mei.

97 1666 245 1750 Cepimus
260 1680 291 1728 et
305 1680 412 1728 tenerae
427 1667 536 1749 primos
551 1668 646 1730 aetatis
656 1669 799 1745 honores3
856 1664 858 1668 ⁴

140 1763 229 1845 Eque
245 1762 311 1824 viris
327 1763 475 1845 quondam
489 1784 556 1845 pars
570 1763 662 1825 tribus
676 1785 735 1826 una
750 1762 802 1826 fui.

96 1859 191 1922 Curia
205 1859 349 1921 restabat:
372 1859 449 1921 clavi
463 1880 601 1920 mensura
613 1873 716 1921 coacta
731 1873 793 1921 est:

139 1954 239 2037 Majus
255 1968 317 2016 erat
332 1954 435 2015 nostris
450 1954 558 2015 viribus
573 1954 645 2015 illud
658 1975 744 2037 onus.

98 2049 166 2113 Nec
181 2051 294 2131 patiens
308 2071 426 2131 corpus,
441 2069 597 2111 neomens
613 2047 666 2110 fuit
681 2063 750 2132 apta
764 2049 865 2125 labori,

140 2146 336 2229 Sollicitoque
352 2144 442 2226 fugax
458 2145 622 2207 ambitionis
637 2157 749 2208 eramr'

97 2242 140 2305 Et
156 2256 256 2324 petere
271 2242 376 2303 Aonia
391 2242 554 2303 suadebant
567 2254 631 2303 tuta
644 2263 758 2309 sorores
810 2270 818 2279 r

139 2338 220 2414 Otia,
232 2338 345 2422 judicio
359 2358 476 2417 semper
490 2350 587 2398 amata
607 2358 685 2398 meu.
723 2382 727 2387 -

95 2434 255 2516 Temporis
270 2434 346 2495 illius
360 2433 439 2494 colui
453 2431 571 2513 fovique
587 2434 709 2512 poetas3

140 2529 284 2611 Quotque
301 2530 420 2591 aderant
436 2541 528 2602 vates,
544 2526 627 2587 rebar
642 2526 744 2587 adesse
759 2526 856 2611 deos.=

96 2627 184 2709 Saepe
200 2647 266 2686 suas
282 2625 414 2687 volucres
429 2623 500 2704 legit
513 2623 586 2690 milri
599 2622 735 2703 grandior
749 2641 822 2698 aevo,

139 2722 277 2804 Quaeque
293 2734 380 2782 necet
395 2740 527 2802 serpens,
543 2740 606 2802 quae
617 2717 704 2801 juvet
719 2719 820 2794 herba,
835 2715 950 2779 Macer.

96 2818 185 2900 Saepe
201 2839 268 2879 suos
283 2818 383 2880 solitus
397 2817 519 2878 recitare
534 2815 707 2896 Propertius
722 2815 822 2894 ignes3

139 2914 212 2975 Jure
227 2913 360 2975 sodalitio
375 2913 424 2996 qui
438 2912 510 2972 mihi
521 2911 641 2993 junctus
656 2921 728 2970 erat.

97 3013 240 3076 Ponticus
255 3012 368 3086 Heroo,
382 3010 498 3072 Bassus
514 3029 631 3092 quoque
646 3008 741 3070 clarus
755 3005 869 3094 I‘ambo,

82 3162 85 3164 .
140 3109 250 3172 Dulcia
263 3108 415 3172 convictris
429 3107 562 3169 membra
576 3103 658 3167 fuere
672 3105 755 3166 mei.-

99 3205 141 3268 Et
155 3207 248 3268 tenuit
262 3219 374 3268 nostras
389 3224 561 3267 numerosus
577 3200 717 3264 Horatius
732 3221 835 3276 aures3

141 3301 225 3364 Dum
241 3301 305 3364 ferit
321 3300 454 3364 Ausonii
466 3300 596 3362 carmina
609 3299 690 3361 culta
703 3297 778 3379 lyris.
809 3307 818 3313 “

100 3397 258 3481 Virgilium
272 3399 333 3461 vidi
347 3398 477 3460 tantum:
501 3417 557 3458 nec
572 3393 804 3458 amura'llbullo
894 3443 897 3450 .

140 3495 278 3580 Tempus
293 3494 425 3558 amicitie
439 3492 499 3555 fata
513 3491 623 3566 dedere
636 3508 722 3553 maa.
