2348 4102
456 438 460 445 ¹
508 366 617 421 mana
640 368 699 421 vu.

108 515 173 593 Qui
188 519 363 601 lacryment,
378 517 501 580 desunt:
525 517 732 600 indefletaeque
749 529 892 597 vagantur

107 613 254 678 Natarum
268 628 452 697 matrumque
468 615 581 689 anima,
592 613 796 697 juvenumque
815 632 995 695 senumque:

107 708 175 772 Nec
189 711 273 771 locus
286 710 468 793 intumuios,
482 731 539 770 nec
553 709 660 770 sufficit
675 709 759 770 arbor
773 709 803 770 in
817 709 910 790 ignes.

150 806 304 868 Attonitus
319 819 400 867 tanto
414 805 586 866 miserarum
599 805 715 865 turbine
729 825 838 879 rerum,

106 901 256 982 “Jupiter
270 900 321 977 b,’'
338 901 448 981 dixi,3“
460 901 484 962 si
499 921 558 960 non
573 899 666 981 pudet
681 900 746 959 esse
761 912 933 980 parentem;
1019 901 1082 962 205

106 996 171 1058 Aut
185 995 258 1058 mihi
272 995 363 1057 redde
377 1016 470 1072 meos,
486 1008 537 1079 aut
550 1015 600 1056 me
615 1015 733 1077 quoque
748 995 843 1056 conde
859 994 1028 1076 sepulcro.'’

104 1091 161 1153 Ille
177 1106 276 1154 notam
291 1090 404 1173 fulgore
419 1089 510 1167 dedit,
524 1090 692 1173 tonitruque
708 1090 850 1152 secundo.

105 1193 126 1224 “
134 1187 274 1270 Accipio,
289 1188 406 1270 sintque
421 1187 476 1250 ista
490 1207 595 1270 precor
609 1186 705 1249 selicia
718 1186 825 1247 mentis

105 1281 199 1363 Signa
212 1283 300 1360 tuae,''
316 1283 395 1354 dixi:
419 1284 527 1367 “quod
542 1283 593 1345 das
608 1282 690 1359 mihi,
706 1281 988 1364 pigneror,omen.”

148 1376 241 1440 Forte
256 1377 310 1440 fuit
319 1377 408 1463 juxta
421 1380 528 1462 patulis
542 1380 687 1444 rarissima
699 1371 797 1456 ramis,
1016 1381 1081 1440 210

105 1473 197 1536 Sacra
211 1473 290 1550 Jovi,
306 1495 431 1556 quercus
443 1460 484 1535 'de
499 1474 610 1534 semine
625 1473 791 1551 Dodonaeo.
818 1504 820 1511 v

105 1567 167 1631 Hic
179 1591 234 1633 nos
248 1559 404 1649 frugilegas
419 1568 609 1651 adspeximus
624 1569 739 1648 agmine
752 1570 851 1649 longo,

94 1644 226 1726 Gradde
241 1685 316 1726 onus
331 1664 440 1745 exiguo
455 1663 589 1726 formicas
603 1683 654 1724 ore
669 1675 816 1742 gerentes,

96 1759 289 1844 ‘Rugosoque
304 1781 391 1821 suum
405 1772 556 1822 servantes
570 1759 679 1822 cortice
693 1758 810 1821 callem.
827 1831 830 1836 ¹

103 1854 188 1917 Dum
203 1877 360 1917 numerum
373 1857 472 1933 miror,
488 1863 507 1892 “
517 1855 668 1930 Totidem,
684 1867 768 1936 pater
782 1854 926 1937 optime,''
942 1855 1014 1933 dixi,

104 1951 184 2012 “Tu
200 1951 272 2014 mibi
288 1951 325 2013 da
339 1952 438 2013 cives:
462 1963 493 2012 et
506 1951 604 2012 inania
617 1950 729 2026 moenia
742 1949 857 2030 reple.''
1016 1953 1079 2014 216
1135 2000 1137 2003 .

102 2047 268 2124 Intremuit,
283 2048 429 2129 ramisque
444 2068 548 2108 sonum
563 2045 626 2107 sine
640 2045 759 2108 flamine
774 2044 860 2106 motis

102 2143 176 2205 Alta
190 2143 272 2204 dedit
286 2163 421 2226 quercus.
466 2142 581 2204 Pavido
594 2141 668 2204 mibi
681 2141 814 2226 membra
828 2141 932 2204 timore

103 2238 296 2316 Horruerant,
310 2240 483 2321 stabantque
497 2260 600 2300 comae.
644 2236 763 2300 Tamen
777 2237 879 2301 oscula
892 2252 985 2316 terrae,

102 2335 331 2418 Roboribusque
346 2335 432 2396 dedi:
448 2354 505 2396 nec
519 2354 567 2394 me
582 2354 700 2415 sperare
715 2333 843 2410 fatebar3
1015 2337 1078 2398 220

102 2430 266 2514 Sperabam
282 2443 398 2491 tamen:
422 2442 510 2509 atque
526 2427 622 2488 animo
636 2448 705 2488 mea
719 2442 789 2488 vota
802 2428 948 2490 fovebam.

144 2526 222 2588 Nox'
231 2526 325 2606 subit:
349 2537 379 2586 et
393 2523 470 2585 curis
484 2521 618 2593 exercita,
629 2542 753 2602 corpora
766 2543 886 2584 somnus

102 2621 252 2704 Occupat.
297 2620 379 2682 Ante
394 2620 495 2681 oculos
510 2617 616 2680 eadem
630 2617 702 2679 mihi
717 2638 841 2699 quercus
856 2617 970 2695 adesse,

102 2716 144 2780 Et
157 2739 255 2780 ramos
270 2715 404 2792 totidem,-
419 2715 601 2796 totidemque
617 2714 752 2776 animalia
766 2714 866 2784 ramis,

102 2812 194 2875 Ferre
209 2814 269 2874 suis
284 2815 346 2875 visa
360 2825 422 2889 est3
445 2811 586 2894 parilique
601 2810 770 2891 tremiscere
784 2822 883 2871 motu:
938 2851 940 2854 -
1014 2813 1077 2874 225

101 2908 348 2990 Graniferumque
364 2902 470 2988 agmen
486 2906 624 2988 subjectis
640 2925 778 2984 spargere
793 2904 821 2964 in
833 2904 919 2966 arvis.
963 2959 965 2963 ,

94 3004 247 3067 'Crescere
263 3005 341 3086 quod
356 2997 464 3079 subitb,
479 3015 510 3062 et
523 3000 619 3083 majus
633 2997 794 3082 majusque¹
804 2998 905 3076 vjderi,
916 3017 937 3062 ,·

101 3101 149 3163 Ac
164 3122 197 3162 se
212 3101 314 3162 tollere
329 3100 431 3174 humo,
445 3110 586 3180 rectoque
596 3085 741 3176 adsistam
756 3109 860 3159 trunco
868 3117 877 3173 ;

102 3197 142 3259 Et
156 3197 283 3259 maciem
298 3217 512 3279 numerumque
527 3194 650 3277 pedum,
665 3192 840 3277 nigrumque
853 3194 983 3255 colorem

101 3292 238 3367 Ponere3
260 3305 290 3354 et
304 3293 462 3354 humanam
477 3291 616 3356 membris
630 3290 769 3352 inducere
784 3289 918 3353 sormam.
1013 3291 1077 3351 230

101 3389 230 3450 Somnus
245 3389 314 3450 abit.
359 3387 480 3449 Damno
495 3378 617 3466 vigilans
631 3407 698 3462 mea
713 3387 793 3460 visa;
816 3385 979 3465 querorque

102 3484 134 3545 In
151 3485 265 3567 superis
278 3484 343 3566 opis
357 3503 422 3545 essa
437 3481 520 3547 nibiL
564 3481 609 3543 At
622 3482 652 3544 in
667 3482 777 3544 adibus
792 3480 894 3560 iugens
