2348 4102
482 286 591 359 manu
615 305 686 361 x1v.
739 381 742 384 Ι
819 295 824 303 ’
1010 302 1070 368 137

96 454 165 521 Neo
179 455 274 520 soceri
287 468 449 539 sceptrum,
463 477 520 533 uec
534 470 576 533 te,
590 454 715 519 Lavinia
730 455 820 538 virgo,

96 554 159 616 Sed
174 554 279 616 vicisse
295 565 416 635 petunt:
439 553 666 636 deponendique
681 552 795 635 pudore
1029 555 1073 616 60

96 648 186 712 Bella
200 663 315 730 gerunt.
359 636 557 732 Tandemque
573 647 678 712 Venus
693 649 897 722 victricianati
997 683 1000 687 .

97 747 193 808 Arma
208 745 303 807 videt:
326 745 506 828 Turnusque
521 746 618 821 cadit3
640 745 719 806 eadit
733 745 844 821 Ardea,
860 744 966 806 Turno

98 845 228 930 Sospite,
243 844 321 907 diota
335 858 451 926 potens.
496 843 600 916 Quam
615 857 771 925 postquam
785 844 924 905 barbarus
938 844 1012 924 ignis

97 941 240 1017 Abstulit,
255 953 286 1003 et
300 940 403 1022 tepida
414 941 566 1002 taruenna
581 952 660 1002 tecta
675 939 794 1016 favilla3

98 1034 248 1118 Congerie
264 1057 281 1098 e
296 1036 395 1099 medici
409 1050 471 1099 tum
487 1037 613 1120 primum
628 1037 745 1118 cognita
760 1054 874 1120 praepes
1031 1034 1073 1097 65

98 1132 252 1210 Subvolat,
268 1147 299 1195 et
313 1134 426 1195 cineres
442 1135 551 1218 plausis
566 1134 718 1195 everberat
733 1134 794 1195 alie.

98 1226 142 1289 Et
157 1250 256 1305 sonus,
271 1244 302 1291 et
315 1230 435 1306 macies,
451 1243 481 1292 et
495 1230 599 1312 pallor,
610 1225 645 1292 ¹et
661 1231 769 1307 omnia,
784 1241 904 1313 captam

98 1322 179 1396 Qum
195 1325 319 1387 deceant
333 1326 447 1403 urbem,
462 1347 571 1389 nomen
587 1348 705 1411 quoque
720 1326 826 1388 mansit
839 1325 870 1388 in
884 1323 937 1387 ille

97 1418 207 1483 Urbis:
230 1434 261 1482 et
275 1421 340 1503 ipsa
353 1423 413 1482 suis
427 1422 613 1502 deplangitur
627 1423 729 1484 Ardea
743 1422 858 1504 pennis.

140 1516 270 1600 Jamque
286 1517 357 1578 deos
372 1535 486 1591 omues,
501 1516 655 1598 ipsamque
670 1517 781 1577 AEneia
795 1517 887 1583 virtus
1031 1514 1074 1574 70

98 1611 252 1673 lunonem
267 1625 383 1672 veteres
397 1611 632 1690 finirecoiigerat
647 1611 720 1671 iras:

98 1707 191 1784 cum,
207 1708 285 1768 bene
301 1706 428 1769 firndatis
442 1706 548 1788 opibus
562 1707 721 1769 crescentis
737 1703 803 1783 Iiili,

98 1802 310 1886 Tempestivus
325 1817 387 1865 erat
401 1803 481 1865 coelo
496 1802 678 1886 Cythereius
692 1804 797 1880 heros3

99 1899 314 1981 Ambieratque
330 1897 435 1960 Venus
449 1920 588 1980 superos:
611 1899 748 1982 colloque
763 1899 892 1981 parentis

99 1995 288 2058 Circumfusa
303 1994 358 2071 sui,
374 1994 554 2078 ‘Nunquam
577 1995 669 2070 mihi‚'
686 1994 812 2071 dixerat,
829 1995 907 2057 ‘ullo
1033 1994 1076 2059 75

99 2091 252 2174 Tempore
268 2093 339 2153 dure
354 2105 448 2175 pater,
463 2112 542 2154 nunc
557 2092 596 2154 sis
611 2092 779 2154 mitissimus
793 2112 863 2169 oro;

99 2189 263 2270 AEneaeque
278 2209 357 2265 meo,
374 2189 423 2271 qui
439 2188 522 2250 tede
535 2189 677 2271 sanguine
691 2202 790 2252 nostro

99 2282 188 2348 Fecit
202 2303 300 2361 avum,
315 2284 449 2366 quamvis
464 2306 598 2366 parvum,
614 2285 815 2369 des,·optime,
829 2306 939 2348 numen
949 2305 966 2372 ;¹

99 2380 274 2442 Dummodo
288 2381 340 2440 des
356 2379 484 2461 aliquod.
530 2379 607 2440 Satis
621 2393 666 2441 est
681 2381 836 2442 inamabile
851 2400 976 2461 regnum

100 2476 285 2559 Adspexisse
301 2475 404 2551 semel,
420 2474 539 2556 Stygios
554 2474 647 2535 semel
661 2475 719 2536 isse
734 2495 788 2557 per
802 2475 924 2536 amnes?
1024 2477 1076 2548 ,ω

99 2572 270 2636 Adsensere
286 2573 352 2634 dei:
376 2593 433 2633 nec
447 2570 557 2654 conjux
572 2571 652 2652 regia
667 2571 765 2634 vultus

100 2668 242 2732 Immotos
257 2669 361 2745 tenuit,
376 2669 552 2750 placatoque
567 2669 669 2729 annuit
684 2688 744 2730 ore.

99 2763 180 2826 Tam
197 2776 290 2845 pater,
307 2761 426 2838 ‘Estis,'
443 2762 493 2838 ait,
509 2769 517 2798 ‘
526 2763 641 2824 coelesti
656 2783 778 2823 munere
794 2762 884 2842 digni,

100 2859 238 2942 Quaque
254 2861 340 2942 petis,
357 2881 410 2942 pro
426 2879 543 2941 quoque
559 2858 652 2940 petis:
676 2878 762 2938 cape,
778 2870 855 2932 nata,
872 2857 952 2939 quod
967 2860 1075 2941 optas)

141 2950 237 3018 Fatus
252 2969 324 3019 erat.
369 2955 501 3030 Gaudet,
516 2966 672 3035 gratesque
688 2952 747 3033 agit
760 2951 809 3013 illa
824 2952 954 3035 parenti:
1034 2955 1077 3017 85

99 3052 219 3136 Perque
234 3054 316 3116 leves
331 3073 415 3115 auras
426 3050 536 3136 junctis
552 3051 668 3113 invecta
682 3048 825 3111 columbis

99 3149 197 3213 Littus
212 3150 273 3212 adit
287 3150 439 3226 Laurens3
461 3148 511 3211 ubi
526 3147 777 3210 tectus-arundine
792 3146 883 3230 serpit

99 3246 138 3310 lu
149 3247 225 3310 fieta
239 3248 384 3309 flumineis
400 3247 495 3309 vicina
511 3244 666 3307 Numicius
681 3243 776 3306 undis.

99 3343 191 3407 Hunc
202 3343 289 3430 jubet
303 3344 418 3420 AEneae,
434 3362 617 3426 quaecuuque
632 3341 761 3403 obnoxia
776 3340 872 3414 morti,

100 3441 252 3520 Abluere3
274 3454 305 3503 et
318 3442 407 3504 tacito
421 3437 535 3501 deferre
550 3439 605 3500 sub
620 3458 737 3522 aquora
750 3448 848 3498 cursu.
1034 3432 1077 3498 90

403 3536 471 3600 12*
