2348 4102
96 332 139 394 80
394 338 742 391 uarauomrtosnou

96 484 246 568 Civiliqua
260 485 371 547 cadunt
385 487 460 548 acie.
505 485 666 547 Gratantur
680 485 806 547 Achivi:

97 579 310 663 Victoremque
323 594 445 656 tenent;
467 581 618 663 avidisque
634 581 821 662 amplexibus
835 581 958 644 haerent.

139 675 320 755 Pervigilem
334 689 468 758 superest
482 676 580 737 herbis
595 676 692 757 sopire
706 675 883 752 draconem;

52 791 55 795 ¹
97 768 161 843 Qui
175 771 263 832 cristi
277 771 441 853 linguisque
456 771 547 832 tribus
562 771 720 853 presignis,
736 784 767 832 et
781 772 865 833 uncis

96 864 246 927 Dentibus
261 867 432 942 horrendus,
447 880 546 928 custos
561 880 622 927 erat
637 865 732 926 arietis
747 866 838 927 aurei.
1033 870 1070 930 50

97 959 188 1024 Hunc
203 976 360 1044 postquam
375 962 479 1043 sparsit
494 961 609 1023 Letbaei
624 961 755 1040 gramine
770 961 870 1036 succi;

98 1055 258 1139 Verbaque
274 1071 319 1118 ter
333 1057 408 1118 dixit
422 1056 553 1137 placidos
568 1055 705 1116 facientia
718 1077 847 1132 somnos,

98 1149 177 1224 Qua
191 1172 272 1212 mare
287 1152 445 1227 turbatum,
461 1171 525 1233 quae
540 1151 657 1212 concita
670 1150 793 1212 flumina
806 1151 926 1227 sistant3

98 1245 226 1307 Somnus
240 1247 270 1308 in
285 1247 399 1326 ignotos
414 1246 515 1306 oculos
530 1246 678 1327 subrepit:
701 1259 732 1306 et
747 1267 818 1308 auro

98 1338 196 1401 Heros
210 1340 351 1402 AEsonius
365 1340 491 1422 potitur:
514 1341 668 1422 spolioque
683 1343 837 1422 superbus,
909 1387 921 1399 .
1033 1344 1071 1404 55

97 1433 232 1497 Muneris
248 1449 399 1497 auctorem
413 1456 526 1511 secum,
540 1436 634 1518 spolia
648 1437 749 1512 altera,
765 1450 895 1519 portans,

99 1529 204 1594 Victor
217 1532 360 1594 lblciacos
373 1533 469 1614 tetigit
482 1553 551 1594 cum
566 1531 692 1616 conjuge
704 1545 816 1615 portus.

141 1626 304 1691 Hemoniae
319 1643 426 1691 matres
441 1649 495 1711 pro
509 1628 603 1709 gnatis
618 1628 696 1689 dona
709 1628 846 1709 receptis,
1082 1699 1085 1704 ,

99 1721 315 1805 Grandavique
330 1723 427 1784 semnt
441 1737 539 1805 patres
548 1745 557 1797 ;
579 1735 779 1804 congestaque
794 1722 917 1786 flamma
1016 1781 1019 1784 .

98 1816 202 1878 Thura
215 1818 378 1899 liquefiunt,
393 1817 571 1899 inductaque
585 1818 721 1879 cornibus
736 1838 840 1879 aarum
1033 1821 1074 1882 60

99 1911 231 1976 Victima
245 1927 315 1975 vota
327 1914 416 1976 cadit.
461 1912 523 1974 Sed
538 1913 621 1974 abest
635 1913 814 1993 gratantibus
828 1913 937 1990 AEson,

98 2007 167 2094 dam
183 2010 300 2092 propior
314 2011 385 2087 leto,
400 2009 553 2090 fessusque
568 2009 707 2071 senilibus
723 2008 816 2070 annis.

99 2104 180 2166 Cirm
195 2105 237 2165 sic
251 2104 427 2165 AEsonides:
452 2103 500 2162 ‘O
514 2104 561 2164 cui
576 2103 685 2164 debere
700 2104 826 2164 salutem

99 2197 262 2273 Confiteor,
276 2197 397 2280 conjux,
413 2218 580 2279 quanquam
595 2198 668 2258 mihi
682 2211 790 2260 cuncta
804 2198 920 2275 dedisti,

99 2291 297 2375 Excessitque
311 2293 399 2353 fidem
414 2292 583 2353 meritorum
597 2314 712 2355 summa
724 2307 859 2369 tuomm;
1032 2295 1072 2357 65

99 2388 132 2450 Si
146 2401 246 2450 tamen
260 2389 318 2451 boc
333 2401 472 2471 possunt:
497 2388 567 2470 quid
581 2389 660 2450 enim
675 2411 733 2451 non
748 2389 878 2451 carmina
891 2389 1025 2470 possint?
1049 2461 1054 2465 ,

99 2484 199 2547 Deme
214 2485 287 2547 meis
302 2485 394 2561 anuis,
410 2498 441 2547 et
455 2486 592 2567 demptos
606 2485 682 2550 adde
697 2484 833 2566 parenti!
949 2478 953 2485 ’

99 2578 166 2643 Nec
181 2582 274 2642 tenuit
288 2583 443 2661 lacrymas.
488 2580 574 2641 Mota
589 2591 634 2641 est
650 2581 761 2660 pietate
775 2581 921 2661 rogantis:

99 2673 340 2754 Dissimilemque
355 2674 485 2734 animum
500 2676 588 2738 subiit
602 2675 692 2736 AEeta
706 2676 835 2738 relictus.
1056 2739 1058 2743 ,

92 2766 168 2857 'Non
184 2782 282 2831 tamen
298 2769 420 2831 affectus
434 2768 508 2836 tales
522 2768 666 2845 consessa,
683 2769 815 2845 ‘Quod'
831 2771 936 2854 inquit,
1032 2776 1072 2835 to

79 2887 82 2893 ·
99 2864 239 2936 ‘Excidit
253 2887 303 2928 ore
319 2865 378 2948 pio,
393 2864 514 2950 conjux,
529 2865 645 2927 scelus?
668 2886 739 2946 ergo
753 2886 809 2946 ego
823 2866 962 2950 cuiquam

98 2961 191 3024 Posse
207 2976 263 3025 tuae
279 2963 379 3025 videar
393 2963 521 3046 spatium
535 2950 725 3024 transcribere
741 2962 828 3024 vita?

98 3057 165 3120 Nec
180 3059 256 3119 sinat
269 3059 327 3120 hoc
342 3057 477 3134 Hecate3
498 3080 555 3121 uec
570 3072 601 3121 tu
617 3060 693 3140 petis
707 3080 806 3140 acqua:
831 3059 884 3120 sed
898 3059 965 3136 isto,

99 3151 192 3225 Quod
207 3154 293 3234 petis,
308 3153 445 3232 experiar
458 3152 552 3235 majus
568 3154 637 3212 dara
652 3174 768 3226 munus,
784 3153 881 3216 tason.

97 3250 173 3311 Arte
184 3248 253 3310 med
265 3247 359 3309 soceri
372 3247 494 3326 longum
507 3246 805 3324 tentabimus‘aevum²
1030 3248 1073 3312 ¹15

98 3345 168 3407 Non
184 3345 266 3407 annis
279 3362 418 3406 revocare
432 3342 501 3403 tuis.
545 3339 641 3403 Modd
656 3341 725 3403 diva
737 3341 872 3406 triformis

98 3440 233 3524 Adjuvet
241 3463 250 3518 ;
272 3436 303 3504 et
317 3459 445 3525 presens
458 3437 625 3520 ingentibus
640 3438 749 3503 adnuat
764 3439 864 3506 ausia’
