2348 4102
414 391 522 446 mnnn
545 394 593 446 Vlj

216 634 224 664 ³
392 638 649 758 nrnnnu
736 651 739 653 ’

251 885 349 927 monn
372 885 408 927 IN
432 885 578 941 smum
599 886 740 927 numm.

437 1067 467 1108 v.
482 1047 553 1108 148.

73 1231 90 1272 a
104 1231 173 1273 suos
189 1209 286 1273 Niobe
300 1211 446 1274 thalamos
459 1225 638 1293 cognoverat
652 1212 742 1290 illam,

73 1308 173 1368 ocrim
187 1302 347 1370 Maeoniam
361 1308 443 1390 virgo
458 1308 654 1390 Sipylumque
668 1309 794 1371 colebat.

73 1446 75 1456 r
89 1415 189 1463 tamen
204 1403 354 1464 admonita
367 1416 413 1464 est
427 1403 519 1484 poenit
532 1404 681 1484 popularis
697 1404 853 1467 Arachnes

73 1500 127 1559 [ere
141 1498 298 1572 coelitibus,
314 1498 468 1583 verbisque
483 1498 642 1560 minoribus
656 1499 710 1559 uti.

73 1605 106 1654 ta
119 1593 229 1655 dabant
243 1593 366 1653 animos.
411 1591 566 1675 Sedenim
579 1613 636 1654 nec
649 1593 780 1675 conjugis
793 1606 882 1670 artes,
960 1592 982 1659 5

73 1734 74 1738 ,
88 1709 182 1769 genus
198 1688 361 1763 amborum,
375 1687 533 1770 magnique
548 1688 680 1769 potentia
693 1689 786 1770 regni,
818 1742 820 1746 ,

72 1783 212 1867 placutire
226 1784 277 1860 illi,
290 1783 422 1867 quamvis
432 1804 469 1845 ea
482 1797 590 1846 cuncta
600 1784 767 1867 placebant,

73 1900 118 1941 rua
132 1879 304 1962 progenies:
328 1893 358 1940 et
372 1878 537 1942 felicissima
555 1893 682 1944 matrum

73 1989 99 2037 ut
112 1973 186 2038 soret
200 1975 310 2052 Niobe,
325 1976 349 2036 si
364 1996 423 2036 non
437 1975 491 2036 sibi
506 1975 569 2036 visa
583 1974 694 2036 nisset.

73 2093 86 2132 r
101 2084 164 2133 sata
177 2071 304 2148 Tiresia,
320 2071 435 2134 venturi
449 2071 583 2153 praescia,
598 2069 704 2134 Manto
764 2075 767 2081 ’

81 2167 194 2229 medias
209 2167 314 2244 fuerat,
329 2168 429 2230 divino
443 2169 558 2230 concita
572 2181 666 2246 motu,
701 2244 706 2254 ἱ

73 2263 176 2324 icinata
190 2263 268 2325 vias:
293 2262 485 2340 ‘Ismenides'‚
499 2265 540 2326 ite
554 2264 734 2348 frequentes,
765 2345 766 2348 Ἴ

73 2357 130 2421 late
145 2357 280 2434 Latonae,
294 2357 545 2440 Latonigenisque
560 2360 684 2435 duobus,
755 2379 759 2385 ·

73 2474 190 2537 npreoe
205 2454 292 2514 thura
306 2452 374 2540 pits
396 2453 537 2534 lauroque
551 2452 689 2513 innectite
704 2453 826 2515 crinem.

81 2571 150 2611 meo
164 2549 281 2612 Latona
292 2547 399 2632 jubet!
443 2548 583 2611 Paretur:
606 2560 637 2609 et
651 2544 754 2609 ornnes
866 2605 868 2608 ,
940 2552 980 2615 16

74 2647 176 2708 baides
187 2645 274 2729 jussis
289 2667 342 2707 sua
356 2658 490 2728 tempora
504 2644 652 2709 frondibus
666 2658 786 2707 ornant:

73 2763 166 2825 araque
182 2743 252 2804 dant
266 2743 372 2804 sanctis
387 2756 418 2804 et
433 2743 523 2804 verba
536 2741 698 2825 precantia,
713 2743 849 2805 flammis.

73 2837 130 2899 *cce
146 2838 227 2899 venit
240 2839 382 2899 comitum
397 2837 495 2898 Niobe
509 2838 700 2900 celeberrima
715 2837 811 2912 turbis,

73 2933 147 2995 tibus
161 2934 274 2995 intexto
290 2933 428 3014 Phrygiis
442 2932 610 3013 spectabilis
624 2952 697 3018 auro
704 2952 711 2992 :

73 3043 213 3112 qnantum
228 3030 270 3090 ira
283 3026 517 3113 sinitpformosa:
540 3047 721 3110 movensque
736 3027 844 3090 decoro
935 3019 978 3095 90

73 3147 86 3186 r
100 3126 198 3208 capite
212 3124 356 3186 immissos
370 3123 527 3186 humerum
542 3145 595 3206 per
609 3137 765 3208 utrumque
779 3121 899 3209 capillos

74 3221 164 3282 stitit:
188 3229 279 3304 utque
294 3221 393 3283 oculos
408 3221 586 3283 circumtulit
600 3221 660 3282 alta
673 3222 833 3304 superbos3

73 3318 102 3384 ris
117 3316 197 3379 nior
210 3316 343 3393 auditos,'
359 3317 462 3400 inquit,
478 3325 666 3400 ‘praeponere
684 3318 750 3380 visis

73 3416 176 3476 estes?
199 3426 249 3475 aut
262 3435 315 3475 cur
327 3414 433 3476 colitur
446 3412 563 3504 Latona
578 3436 632 3497 per
646 3435 727 3488 aras;

73 3531 126 3572 oen
140 3509 237 3573 adhue
252 3510 314 3572 sine
328 3509 413 3571 thure
426 3530 526 3571 meum
537 3513 602 3572 est?
624 3509 701 3571 Mihi
711 3507 854 3571 Tantalus
863 3519 975 3587 untur,
1075 3520 1083 3559 -’
