<?xml version="1.0" encoding="UTF-8"?>
<!DOCTYPE html PUBLIC "-//W3C//DTD XHTML 1.0 Transitional//EN"
    "http://www.w3.org/TR/xhtml1/DTD/xhtml1-transitional.dtd">
<html xmlns="http://www.w3.org/1999/xhtml" xml:lang="en" lang="en">
 <head>
  <title>
</title>
<meta http-equiv="Content-Type" content="text/html;charset=utf-8" />
  <meta name='ocr-system' content='tesseract 3.04.00' />
  <meta name='ocr-capabilities' content='ocr_page ocr_carea ocr_par ocr_line ocrx_word'/>
</head>
<body>
  <div class='ocr_page' id='page_1' title='image "./excerptaexscrip00goulgoog_0020.png"; bbox 0 0 2348 4102; ppageno 0'>
   <div class='ocr_carea' id='block_1_1' title="bbox 516 369 661 420">
    <p class='ocr_par' dir='ltr' id='par_1_1' title="bbox 516 369 661 420">
     <span class='ocr_line' id='line_1_1' title="bbox 516 369 661 420; baseline -0.007 -1"><span class='ocrx_word' id='word_1_1' title='bbox 516 369 625 420; x_wconf 82' lang='lat' dir='ltr'>LIBER</span> <span class='ocrx_word' id='word_1_2' title='bbox 639 370 661 419; x_wconf 91' lang='lat'>1.</span> 
     </span>
    </p>
   </div>
   <div class='ocr_carea' id='block_1_2' title="bbox 91 512 1074 3486">
    <p class='ocr_par' dir='ltr' id='par_1_2' title="bbox 101 512 929 694">
     <span class='ocr_line' id='line_1_2' title="bbox 101 512 836 599; baseline -0.001 -20"><span class='ocrx_word' id='word_1_3' title='bbox 101 512 239 598; x_wconf 82' lang='lat' dir='ltr'>ingentes</span> <span class='ocrx_word' id='word_1_4' title='bbox 253 517 351 578; x_wconf 85' lang='lat' dir='ltr'>animo</span> <span class='ocrx_word' id='word_1_5' title='bbox 365 530 395 578; x_wconf 87' lang='lat' dir='ltr'>et</span> <span class='ocrx_word' id='word_1_6' title='bbox 410 515 512 598; x_wconf 84' lang='lat' dir='ltr'>dignas</span> <span class='ocrx_word' id='word_1_7' title='bbox 526 516 604 580; x_wconf 86' lang='lat' dir='ltr'><strong>Jove</strong></span> <span class='ocrx_word' id='word_1_8' title='bbox 618 517 748 599; x_wconf 87' lang='lat' dir='ltr'>concipit</span> <span class='ocrx_word' id='word_1_9' title='bbox 761 516 836 593; x_wconf 82' lang='lat' dir='ltr'>iras3</span> 
     </span>
     <span class='ocr_line' id='line_1_3' title="bbox 101 611 929 694; baseline -0.004 -18"><span class='ocrx_word' id='word_1_10' title='bbox 101 611 324 694; x_wconf 83' lang='lat' dir='ltr'>Consiliumque</span> <span class='ocrx_word' id='word_1_11' title='bbox 339 626 435 675; x_wconf 86' lang='lat' dir='ltr'>vocat.</span> <span class='ocrx_word' id='word_1_12' title='bbox 479 613 592 675; x_wconf 84' lang='lat' dir='ltr'>Tenuit</span> <span class='ocrx_word' id='word_1_13' title='bbox 608 635 690 676; x_wconf 89' lang='lat' dir='ltr'>mora</span> <span class='ocrx_word' id='word_1_14' title='bbox 703 614 784 674; x_wconf 90' lang='lat' dir='ltr'>nulla</span> <span class='ocrx_word' id='word_1_15' title='bbox 799 624 929 675; x_wconf 84' lang='lat' dir='ltr'>vocatos.</span> 
     </span>
    </p>

    <p class='ocr_par' dir='ltr' id='par_1_3' title="bbox 98 708 1074 1560">
     <span class='ocr_line' id='line_1_4' title="bbox 140 708 814 785; baseline 0.003 -17"><span class='ocrx_word' id='word_1_16' title='bbox 140 708 198 769; x_wconf 88' lang='lat' dir='ltr'>Est</span> <span class='ocrx_word' id='word_1_17' title='bbox 213 709 262 769; x_wconf 85' lang='lat' dir='ltr'>via</span> <span class='ocrx_word' id='word_1_18' title='bbox 275 709 415 785; x_wconf 88' lang='lat' dir='ltr'>sublimis,</span> <span class='ocrx_word' id='word_1_19' title='bbox 426 711 505 772; x_wconf 91' lang='lat' dir='ltr'>coelo</span> <span class='ocrx_word' id='word_1_20' title='bbox 519 709 674 772; x_wconf 80' lang='lat' dir='ltr'>manifesta</span> <span class='ocrx_word' id='word_1_21' title='bbox 692 730 814 771; x_wconf 90' lang='lat' dir='ltr'>sereno:</span> 
     </span>
     <span class='ocr_line' id='line_1_5' title="bbox 100 803 842 886; baseline 0 -20"><span class='ocrx_word' id='word_1_22' title='bbox 100 803 213 866; x_wconf 88' lang='lat' dir='ltr'>Lactea</span> <span class='ocrx_word' id='word_1_23' title='bbox 222 825 331 866; x_wconf 90' lang='lat' dir='ltr'>nomen</span> <span class='ocrx_word' id='word_1_24' title='bbox 346 806 454 881; x_wconf 82' lang='lat' dir='ltr'>babet3</span> <span class='ocrx_word' id='word_1_25' title='bbox 476 806 603 867; x_wconf 87' lang='lat' dir='ltr'>candore</span> <span class='ocrx_word' id='word_1_26' title='bbox 619 806 754 867; x_wconf 87' lang='lat' dir='ltr'>notabilis</span> <span class='ocrx_word' id='word_1_27' title='bbox 767 806 842 886; x_wconf 91' lang='lat' dir='ltr'>ipso.</span> 
     </span>
     <span class='ocr_line' id='line_1_6' title="bbox 100 899 1073 983; baseline 0.002 -22"><span class='ocrx_word' id='word_1_28' title='bbox 100 899 168 962; x_wconf 73' lang='lat' dir='ltr'>Hac</span> <span class='ocrx_word' id='word_1_29' title='bbox 183 902 239 963; x_wconf 91' lang='lat' dir='ltr'>iter</span> <span class='ocrx_word' id='word_1_30' title='bbox 253 915 299 963; x_wconf 87' lang='lat' dir='ltr'>est</span> <span class='ocrx_word' id='word_1_31' title='bbox 313 902 426 983; x_wconf 80' lang='lat' dir='ltr'>superis</span> <span class='ocrx_word' id='word_1_32' title='bbox 442 901 479 963; x_wconf 88' lang='lat' dir='ltr'>ad</span> <span class='ocrx_word' id='word_1_33' title='bbox 494 903 593 981; x_wconf 84' lang='lat' dir='ltr'>magni</span> <span class='ocrx_word' id='word_1_34' title='bbox 607 914 687 962; x_wconf 82' lang='lat' dir='ltr'>tecta</span> <span class='ocrx_word' id='word_1_35' title='bbox 700 901 857 975; x_wconf 76' lang='lat' dir='ltr'>TonantiS,</span> <span class='ocrx_word' id='word_1_36' title='bbox 1012 904 1073 963; x_wconf 74' lang='lat'>170</span> 
     </span>
     <span class='ocr_line' id='line_1_7' title="bbox 100 995 904 1079; baseline -0.001 -21"><span class='ocrx_word' id='word_1_37' title='bbox 100 995 305 1079; x_wconf 84' lang='lat' dir='ltr'>Regalemqne</span> <span class='ocrx_word' id='word_1_38' title='bbox 322 998 452 1059; x_wconf 90' lang='lat' dir='ltr'>domum.</span> <span class='ocrx_word' id='word_1_39' title='bbox 497 996 617 1059; x_wconf 71' lang='lat' dir='ltr'>Dextri</span> <span class='ocrx_word' id='word_1_40' title='bbox 631 996 765 1078; x_wconf 74' lang='lat' dir='ltr'>leviaque</span> <span class='ocrx_word' id='word_1_41' title='bbox 781 996 904 1058; x_wconf 88' lang='lat' dir='ltr'>deorum</span> 
     </span>
     <span class='ocr_line' id='line_1_8' title="bbox 98 1092 780 1175; baseline 0.001 -22"><span class='ocrx_word' id='word_1_42' title='bbox 98 1092 183 1154; x_wconf 88' lang='lat' dir='ltr'>Atria</span> <span class='ocrx_word' id='word_1_43' title='bbox 197 1094 339 1155; x_wconf 87' lang='lat' dir='ltr'>nobilium</span> <span class='ocrx_word' id='word_1_44' title='bbox 354 1095 446 1155; x_wconf 86' lang='lat' dir='ltr'>valvis</span> <span class='ocrx_word' id='word_1_45' title='bbox 461 1094 646 1155; x_wconf 85' lang='lat' dir='ltr'>celebrantur</span> <span class='ocrx_word' id='word_1_46' title='bbox 661 1093 780 1175; x_wconf 87' lang='lat' dir='ltr'>apertis.</span> 
     </span>
     <span class='ocr_line' id='line_1_9' title="bbox 98 1187 930 1273; baseline 0.002 -23"><span class='ocrx_word' id='word_1_47' title='bbox 98 1187 188 1251; x_wconf 89' lang='lat' dir='ltr'>Plebs</span> <span class='ocrx_word' id='word_1_48' title='bbox 203 1190 335 1251; x_wconf 89' lang='lat' dir='ltr'>habitant</span> <span class='ocrx_word' id='word_1_49' title='bbox 350 1191 464 1252; x_wconf 89' lang='lat' dir='ltr'>diversa</span> <span class='ocrx_word' id='word_1_50' title='bbox 478 1190 560 1252; x_wconf 82' lang='lat' dir='ltr'>locis</span> <span class='ocrx_word' id='word_1_51' title='bbox 606 1190 636 1251; x_wconf 91' lang='lat' dir='ltr'><strong>A</strong></span> <span class='ocrx_word' id='word_1_52' title='bbox 651 1189 745 1252; x_wconf 88' lang='lat' dir='ltr'>fronte</span> <span class='ocrx_word' id='word_1_53' title='bbox 766 1202 903 1273; x_wconf 86' lang='lat' dir='ltr'>potentes</span> <span class='ocrx_word' id='word_1_54' title='bbox 921 1189 930 1205; x_wconf 83' lang='lat'><strong><em>‘</em></strong></span> 
     </span>
     <span class='ocr_line' id='line_1_10' title="bbox 98 1283 777 1370; baseline 0.004 -24"><span class='ocrx_word' id='word_1_55' title='bbox 98 1283 404 1370; x_wconf 86' lang='lat' dir='ltr'>Coelicolae,ola1ique</span> <span class='ocrx_word' id='word_1_56' title='bbox 419 1307 486 1350; x_wconf 90' lang='lat' dir='ltr'>suos</span> <span class='ocrx_word' id='word_1_57' title='bbox 501 1287 627 1369; x_wconf 74' lang='lat' dir='ltr'>posudro</span> <span class='ocrx_word' id='word_1_58' title='bbox 642 1300 777 1368; x_wconf 89' lang='lat' dir='ltr'>penates.</span> 
     </span>
     <span class='ocr_line' id='line_1_11' title="bbox 98 1379 1074 1465; baseline 0.001 -22"><span class='ocrx_word' id='word_1_59' title='bbox 98 1379 157 1443; x_wconf 87' lang='lat' dir='ltr'>Hic</span> <span class='ocrx_word' id='word_1_60' title='bbox 171 1382 255 1444; x_wconf 91' lang='lat' dir='ltr'>locus</span> <span class='ocrx_word' id='word_1_61' title='bbox 270 1396 332 1459; x_wconf 81' lang='lat' dir='ltr'>est3</span> <span class='ocrx_word' id='word_1_62' title='bbox 355 1404 454 1465; x_wconf 91' lang='lat' dir='ltr'>quem,</span> <span class='ocrx_word' id='word_1_63' title='bbox 469 1385 493 1445; x_wconf 90' lang='lat' dir='ltr'>si</span> <span class='ocrx_word' id='word_1_64' title='bbox 509 1383 604 1446; x_wconf 90' lang='lat' dir='ltr'>verbis</span> <span class='ocrx_word' id='word_1_65' title='bbox 620 1383 742 1445; x_wconf 87' lang='lat' dir='ltr'>audacia</span> <span class='ocrx_word' id='word_1_66' title='bbox 757 1383 852 1460; x_wconf 89' lang='lat' dir='ltr'>detur,</span> <span class='ocrx_word' id='word_1_67' title='bbox 998 1383 1074 1444; x_wconf 50' lang='lat'>&lt;175</span> 
     </span>
     <span class='ocr_line' id='line_1_12' title="bbox 99 1476 787 1560; baseline 0.003 -22"><span class='ocrx_word' id='word_1_68' title='bbox 99 1476 187 1539; x_wconf 89' lang='lat' dir='ltr'>Haud</span> <span class='ocrx_word' id='word_1_69' title='bbox 203 1479 324 1540; x_wconf 85' lang='lat' dir='ltr'>timeam</span> <span class='ocrx_word' id='word_1_70' title='bbox 339 1480 438 1560; x_wconf 87' lang='lat' dir='ltr'>magni</span> <span class='ocrx_word' id='word_1_71' title='bbox 453 1480 562 1541; x_wconf 85' lang='lat' dir='ltr'>dixisse</span> <span class='ocrx_word' id='word_1_72' title='bbox 578 1479 694 1542; x_wconf 86' lang='lat' dir='ltr'>Palatia</span> <span class='ocrx_word' id='word_1_73' title='bbox 707 1478 787 1541; x_wconf 90' lang='lat' dir='ltr'>coeli.</span> 
     </span>
    </p>

    <p class='ocr_par' dir='ltr' id='par_1_4' title="bbox 91 1573 1073 3486">
     <span class='ocr_line' id='line_1_13' title="bbox 140 1573 845 1656; baseline -0.001 -21"><span class='ocrx_word' id='word_1_74' title='bbox 140 1573 222 1656; x_wconf 82' lang='lat' dir='ltr'>Ergo</span> <span class='ocrx_word' id='word_1_75' title='bbox 237 1575 289 1636; x_wconf 92' lang='lat' dir='ltr'>ubi</span> <span class='ocrx_word' id='word_1_76' title='bbox 303 1596 467 1637; x_wconf 91' lang='lat' dir='ltr'>marmoreo</span> <span class='ocrx_word' id='word_1_77' title='bbox 482 1576 581 1656; x_wconf 90' lang='lat' dir='ltr'>superi</span> <span class='ocrx_word' id='word_1_78' title='bbox 596 1575 700 1636; x_wconf 72' lang='lat' dir='ltr'>sedere</span> <span class='ocrx_word' id='word_1_79' title='bbox 714 1595 845 1650; x_wconf 85' lang='lat' dir='ltr'>recessu,</span> 
     </span>
     <span class='ocr_line' id='line_1_14' title="bbox 98 1667 846 1752; baseline -0.001 -20"><span class='ocrx_word' id='word_1_80' title='bbox 98 1667 214 1750; x_wconf 83' lang='lat' dir='ltr'>Celsior</span> <span class='ocrx_word' id='word_1_81' title='bbox 228 1671 293 1752; x_wconf 86' lang='lat' dir='ltr'>ipse</span> <span class='ocrx_word' id='word_1_82' title='bbox 307 1670 384 1746; x_wconf 88' lang='lat' dir='ltr'>loco,</span> <span class='ocrx_word' id='word_1_83' title='bbox 399 1683 575 1752; x_wconf 86' lang='lat' dir='ltr'>sceptroque</span> <span class='ocrx_word' id='word_1_84' title='bbox 590 1670 709 1731; x_wconf 87' lang='lat' dir='ltr'>innixus</span> <span class='ocrx_word' id='word_1_85' title='bbox 724 1670 846 1745; x_wconf 88' lang='lat' dir='ltr'>eburno,</span> 
     </span>
     <span class='ocr_line' id='line_1_15' title="bbox 98 1760 841 1848; baseline -0.001 -20"><span class='ocrx_word' id='word_1_86' title='bbox 98 1765 269 1828; x_wconf 85' lang='lat' dir='ltr'>Terrificam</span> <span class='ocrx_word' id='word_1_87' title='bbox 284 1766 387 1847; x_wconf 88' lang='lat' dir='ltr'>capitis</span> <span class='ocrx_word' id='word_1_88' title='bbox 402 1767 549 1828; x_wconf 88' lang='lat' dir='ltr'>concussit</span> <span class='ocrx_word' id='word_1_89' title='bbox 560 1760 664 1847; x_wconf 85' lang='lat' dir='ltr'>terque</span> <span class='ocrx_word' id='word_1_90' title='bbox 680 1778 841 1848; x_wconf 85' lang='lat' dir='ltr'>quaterque</span> 
     </span>
     <span class='ocr_line' id='line_1_16' title="bbox 97 1860 1073 1944; baseline 0.001 -20"><span class='ocrx_word' id='word_1_91' title='bbox 97 1860 259 1926; x_wconf 77' lang='lat' dir='ltr'>Caesariem</span> <span class='ocrx_word' id='word_1_92' title='bbox 268 1883 276 1937; x_wconf 91' lang='lat'>;</span> <span class='ocrx_word' id='word_1_93' title='bbox 298 1861 442 1944; x_wconf 69' lang='lat' dir='ltr'>cumqua</span> <span class='ocrx_word' id='word_1_94' title='bbox 460 1877 577 1936; x_wconf 87' lang='lat' dir='ltr'>terram,</span> <span class='ocrx_word' id='word_1_95' title='bbox 592 1883 685 1938; x_wconf 87' lang='lat' dir='ltr'>mare,</span> <span class='ocrx_word' id='word_1_96' title='bbox 700 1862 806 1939; x_wconf 88' lang='lat' dir='ltr'>sidera,</span> <span class='ocrx_word' id='word_1_97' title='bbox 818 1862 923 1925; x_wconf 86' lang='lat' dir='ltr'>movit.</span> <span class='ocrx_word' id='word_1_98' title='bbox 1012 1863 1073 1925; x_wconf 81' lang='lat'>180</span> 
     </span>
     <span class='ocr_line' id='line_1_17' title="bbox 96 1957 790 2038; baseline -0.001 -20"><span class='ocrx_word' id='word_1_99' title='bbox 96 1957 221 2019; x_wconf 81' lang='lat' dir='ltr'>Talibus</span> <span class='ocrx_word' id='word_1_100' title='bbox 236 1957 302 2018; x_wconf 92' lang='lat' dir='ltr'>inde</span> <span class='ocrx_word' id='word_1_101' title='bbox 318 1957 412 2019; x_wconf 91' lang='lat' dir='ltr'>modis</span> <span class='ocrx_word' id='word_1_102' title='bbox 427 1979 479 2019; x_wconf 90' lang='lat' dir='ltr'>ora</span> <span class='ocrx_word' id='word_1_103' title='bbox 492 1957 672 2038; x_wconf 81' lang='lat' dir='ltr'>indignantia</span> <span class='ocrx_word' id='word_1_104' title='bbox 686 1958 790 2019; x_wconf 87' lang='lat' dir='ltr'>solvit:</span> 
     </span>
     <span class='ocr_line' id='line_1_18' title="bbox 98 2051 844 2136; baseline -0.004 -20"><span class='ocrx_word' id='word_1_105' title='bbox 98 2053 186 2116; x_wconf 91' lang='lat' dir='ltr'>‘Non</span> <span class='ocrx_word' id='word_1_106' title='bbox 201 2075 257 2134; x_wconf 85' lang='lat' dir='ltr'>ego</span> <span class='ocrx_word' id='word_1_107' title='bbox 272 2077 326 2136; x_wconf 93' lang='lat' dir='ltr'>pro</span> <span class='ocrx_word' id='word_1_108' title='bbox 340 2054 443 2117; x_wconf 91' lang='lat' dir='ltr'>mundi</span> <span class='ocrx_word' id='word_1_109' title='bbox 457 2075 549 2135; x_wconf 84' lang='lat' dir='ltr'>regno</span> <span class='ocrx_word' id='word_1_110' title='bbox 563 2052 657 2135; x_wconf 83' lang='lat' dir='ltr'>magis</span> <span class='ocrx_word' id='word_1_111' title='bbox 672 2053 777 2115; x_wconf 86' lang='lat' dir='ltr'>anxius</span> <span class='ocrx_word' id='word_1_112' title='bbox 792 2051 844 2114; x_wconf 75' lang='lat' dir='ltr'>illa</span> 
     </span>
     <span class='ocr_line' id='line_1_19' title="bbox 97 2148 867 2233; baseline 0 -22"><span class='ocrx_word' id='word_1_113' title='bbox 97 2148 292 2231; x_wconf 88' lang='lat' dir='ltr'>Tempestate</span> <span class='ocrx_word' id='word_1_114' title='bbox 307 2150 358 2226; x_wconf 74' lang='lat' dir='ltr'>firi,</span> <span class='ocrx_word' id='word_1_115' title='bbox 375 2150 569 2233; x_wconf 68' lang='lat' dir='ltr'>quincentum</span> <span class='ocrx_word' id='word_1_116' title='bbox 586 2150 710 2233; x_wconf 89' lang='lat' dir='ltr'>quisque</span> <span class='ocrx_word' id='word_1_117' title='bbox 725 2150 867 2233; x_wconf 87' lang='lat' dir='ltr'>parabant</span> 
     </span>
     <span class='ocr_line' id='line_1_20' title="bbox 98 2244 813 2339; baseline 0 -32"><span class='ocrx_word' id='word_1_118' title='bbox 98 2244 221 2330; x_wconf 79' lang='lat' dir='ltr'>injicere</span> <span class='ocrx_word' id='word_1_119' title='bbox 236 2247 435 2327; x_wconf 86' lang='lat' dir='ltr'>anguipedum</span> <span class='ocrx_word' id='word_1_120' title='bbox 450 2247 570 2328; x_wconf 91' lang='lat' dir='ltr'>captivo</span> <span class='ocrx_word' id='word_1_121' title='bbox 584 2247 706 2309; x_wconf 85' lang='lat' dir='ltr'>brachia</span> <span class='ocrx_word' id='word_1_122' title='bbox 719 2247 813 2339; x_wconf 58' lang='lat' dir='ltr'>ooelq</span> 
     </span>
     <span class='ocr_line' id='line_1_21' title="bbox 98 2330 1073 2425; baseline 0.003 -22"><span class='ocrx_word' id='word_1_123' title='bbox 98 2339 187 2418; x_wconf 87' lang='lat' dir='ltr'>Nam,</span> <span class='ocrx_word' id='word_1_124' title='bbox 200 2363 368 2425; x_wconf 85' lang='lat' dir='ltr'>quanquam</span> <span class='ocrx_word' id='word_1_125' title='bbox 378 2342 457 2404; x_wconf 90' lang='lat' dir='ltr'>ferus</span> <span class='ocrx_word' id='word_1_126' title='bbox 468 2344 559 2405; x_wconf 91' lang='lat' dir='ltr'>hostis</span> <span class='ocrx_word' id='word_1_127' title='bbox 571 2357 644 2420; x_wconf 89' lang='lat' dir='ltr'>erat,</span> <span class='ocrx_word' id='word_1_128' title='bbox 656 2358 756 2406; x_wconf 87' lang='lat' dir='ltr'>tamen</span> <span class='ocrx_word' id='word_1_129' title='bbox 768 2330 842 2405; x_wconf 83' lang='lat' dir='ltr'>illud¹</span> <span class='ocrx_word' id='word_1_130' title='bbox 850 2342 888 2406; x_wconf 87' lang='lat' dir='ltr'>ab</span> <span class='ocrx_word' id='word_1_131' title='bbox 898 2363 959 2405; x_wconf 90' lang='lat' dir='ltr'>uno</span> <span class='ocrx_word' id='word_1_132' title='bbox 1012 2344 1073 2406; x_wconf 81' lang='lat'>185</span> 
     </span>
     <span class='ocr_line' id='line_1_22' title="bbox 99 2432 847 2520; baseline -0.001 -20"><span class='ocrx_word' id='word_1_133' title='bbox 99 2436 242 2520; x_wconf 85' lang='lat' dir='ltr'>Corpore,</span> <span class='ocrx_word' id='word_1_134' title='bbox 259 2451 289 2498; x_wconf 91' lang='lat' dir='ltr'>et</span> <span class='ocrx_word' id='word_1_135' title='bbox 305 2459 345 2497; x_wconf 85' lang='lat' dir='ltr'>ex</span> <span class='ocrx_word' id='word_1_136' title='bbox 359 2437 420 2497; x_wconf 74' lang='lat' dir='ltr'>und</span> <span class='ocrx_word' id='word_1_137' title='bbox 435 2439 584 2519; x_wconf 88' lang='lat' dir='ltr'>pendebat</span> <span class='ocrx_word' id='word_1_138' title='bbox 599 2441 711 2518; x_wconf 79' lang='lat' dir='ltr'>origine</span> <span class='ocrx_word' id='word_1_139' title='bbox 724 2432 847 2499; x_wconf 88' lang='lat' dir='ltr'>bellum.</span> 
     </span>
     <span class='ocr_line' id='line_1_23' title="bbox 98 2531 936 2615; baseline 0.001 -21"><span class='ocrx_word' id='word_1_140' title='bbox 98 2531 185 2596; x_wconf 84' lang='lat' dir='ltr'>Nune</span> <span class='ocrx_word' id='word_1_141' title='bbox 200 2534 283 2608; x_wconf 88' lang='lat' dir='ltr'>mihi,</span> <span class='ocrx_word' id='word_1_142' title='bbox 300 2533 360 2615; x_wconf 79' lang='lat' dir='ltr'>quai</span> <span class='ocrx_word' id='word_1_143' title='bbox 374 2546 468 2594; x_wconf 90' lang='lat' dir='ltr'>totum</span> <span class='ocrx_word' id='word_1_144' title='bbox 484 2532 601 2595; x_wconf 89' lang='lat' dir='ltr'>Nereus</span> <span class='ocrx_word' id='word_1_145' title='bbox 616 2534 809 2595; x_wconf 85' lang='lat' dir='ltr'>circumtonat</span> <span class='ocrx_word' id='word_1_146' title='bbox 823 2533 936 2611; x_wconf 89' lang='lat' dir='ltr'>orbem,</span> 
     </span>
     <span class='ocr_line' id='line_1_24' title="bbox 98 2628 867 2715; baseline 0.001 -23"><span class='ocrx_word' id='word_1_147' title='bbox 98 2628 288 2692; x_wconf 89' lang='lat' dir='ltr'>Perdendum</span> <span class='ocrx_word' id='word_1_148' title='bbox 303 2631 426 2692; x_wconf 90' lang='lat' dir='ltr'>mortale</span> <span class='ocrx_word' id='word_1_149' title='bbox 442 2651 545 2712; x_wconf 86' lang='lat' dir='ltr'>genus.</span> <span class='ocrx_word' id='word_1_150' title='bbox 590 2631 652 2694; x_wconf 92' lang='lat' dir='ltr'>Per</span> <span class='ocrx_word' id='word_1_151' title='bbox 667 2632 789 2694; x_wconf 83' lang='lat' dir='ltr'>flumina</span> <span class='ocrx_word' id='word_1_152' title='bbox 798 2629 867 2715; x_wconf 88' lang='lat' dir='ltr'>juro</span> 
     </span>
     <span class='ocr_line' id='line_1_25' title="bbox 91 2699 730 2809; baseline 0.005 -23"><span class='ocrx_word' id='word_1_153' title='bbox 91 2699 204 2802; x_wconf 78' lang='lat' dir='ltr'>lbsera,</span> <span class='ocrx_word' id='word_1_154' title='bbox 219 2729 274 2789; x_wconf 90' lang='lat' dir='ltr'>sub</span> <span class='ocrx_word' id='word_1_155' title='bbox 289 2728 370 2789; x_wconf 88' lang='lat' dir='ltr'>terris</span> <span class='ocrx_word' id='word_1_156' title='bbox 386 2727 490 2809; x_wconf 86' lang='lat' dir='ltr'>Stygio</span> <span class='ocrx_word' id='word_1_157' title='bbox 505 2727 633 2789; x_wconf 89' lang='lat' dir='ltr'>labentia</span> <span class='ocrx_word' id='word_1_158' title='bbox 651 2729 730 2803; x_wconf 86' lang='lat' dir='ltr'>luco,</span> 
     </span>
     <span class='ocr_line' id='line_1_26' title="bbox 98 2814 1073 2906; baseline 0.004 -21"><span class='ocrx_word' id='word_1_159' title='bbox 98 2814 309 2906; x_wconf 75' lang='lat' dir='ltr'>Ounc‘ta‘priirs</span> <span class='ocrx_word' id='word_1_160' title='bbox 325 2837 453 2886; x_wconf 87' lang='lat' dir='ltr'>tentata:</span> <span class='ocrx_word' id='word_1_161' title='bbox 476 2824 529 2885; x_wconf 90' lang='lat' dir='ltr'>sed</span> <span class='ocrx_word' id='word_1_162' title='bbox 543 2824 759 2886; x_wconf 89' lang='lat' dir='ltr'>immedicabile</span> <span class='ocrx_word' id='word_1_163' title='bbox 775 2825 881 2887; x_wconf 89' lang='lat' dir='ltr'>vulnus</span> <span class='ocrx_word' id='word_1_164' title='bbox 1012 2829 1073 2890; x_wconf 88' lang='grc'>190</span> 
     </span>
     <span class='ocr_line' id='line_1_27' title="bbox 97 2907 814 3002; baseline 0 -22"><span class='ocrx_word' id='word_1_165' title='bbox 97 2918 179 2981; x_wconf 88' lang='lat' dir='ltr'>Ense</span> <span class='ocrx_word' id='word_1_166' title='bbox 192 2907 395 2997; x_wconf 74' lang='lat' dir='ltr'>recidendum,</span> <span class='ocrx_word' id='word_1_167' title='bbox 410 2941 448 2982; x_wconf 92' lang='lat' dir='ltr'>ne</span> <span class='ocrx_word' id='word_1_168' title='bbox 465 2941 531 3002; x_wconf 89' lang='lat' dir='ltr'>pars</span> <span class='ocrx_word' id='word_1_169' title='bbox 545 2921 660 2982; x_wconf 87' lang='lat' dir='ltr'>sincera</span> <span class='ocrx_word' id='word_1_170' title='bbox 674 2920 814 2982; x_wconf 83' lang='lat' dir='ltr'>trahatur.</span> 
     </span>
     <span class='ocr_line' id='line_1_28' title="bbox 97 3014 933 3099; baseline 0.002 -23"><span class='ocrx_word' id='word_1_171' title='bbox 97 3014 173 3077; x_wconf 88' lang='lat' dir='ltr'>Sunt</span> <span class='ocrx_word' id='word_1_172' title='bbox 187 3015 258 3077; x_wconf 92' lang='lat' dir='ltr'>mihi</span> <span class='ocrx_word' id='word_1_173' title='bbox 274 3016 415 3091; x_wconf 77' lang='lat' dir='ltr'>semidei,</span> <span class='ocrx_word' id='word_1_174' title='bbox 430 3028 498 3076; x_wconf 89' lang='lat' dir='ltr'>sunt</span> <span class='ocrx_word' id='word_1_175' title='bbox 513 3016 622 3078; x_wconf 85' lang='lat' dir='ltr'>rustica</span> <span class='ocrx_word' id='word_1_176' title='bbox 635 3015 757 3077; x_wconf 91' lang='lat' dir='ltr'>numina</span> <span class='ocrx_word' id='word_1_177' title='bbox 770 3014 801 3076; x_wconf 93' lang='lat' dir='ltr'><strong>N</strong></span> <span class='ocrx_word' id='word_1_178' title='bbox 802 3014 933 3099; x_wconf 78' lang='lat' dir='ltr'>ymphae,</span> 
     </span>
     <span class='ocr_line' id='line_1_29' title="bbox 97 3110 820 3196; baseline 0.003 -23"><span class='ocrx_word' id='word_1_179' title='bbox 97 3110 264 3194; x_wconf 84' lang='lat' dir='ltr'>Faunique,</span> <span class='ocrx_word' id='word_1_180' title='bbox 280 3113 449 3196; x_wconf 86' lang='lat' dir='ltr'>Satyrique,</span> <span class='ocrx_word' id='word_1_181' title='bbox 465 3127 495 3174; x_wconf 87' lang='lat' dir='ltr'>et</span> <span class='ocrx_word' id='word_1_182' title='bbox 510 3112 674 3175; x_wconf 78' lang='lat' dir='ltr'>monticolae</span> <span class='ocrx_word' id='word_1_183' title='bbox 691 3112 820 3176; x_wconf 82' lang='lat' dir='ltr'>Silvani:</span> 
     </span>
     <span class='ocr_line' id='line_1_30' title="bbox 97 3207 875 3292; baseline 0.006 -23"><span class='ocrx_word' id='word_1_184' title='bbox 97 3207 184 3280; x_wconf 84' lang='lat' dir='ltr'>Quos</span> <span class='ocrx_word' id='word_1_185' title='bbox 200 3211 337 3292; x_wconf 89' lang='lat' dir='ltr'>quoniam</span> <span class='ocrx_word' id='word_1_186' title='bbox 352 3210 422 3273; x_wconf 89' lang='lat' dir='ltr'>coeli</span> <span class='ocrx_word' id='word_1_187' title='bbox 437 3210 568 3272; x_wconf 92' lang='lat' dir='ltr'>nondum</span> <span class='ocrx_word' id='word_1_188' title='bbox 584 3211 738 3291; x_wconf 82' lang='lat' dir='ltr'>dignamur</span> <span class='ocrx_word' id='word_1_189' title='bbox 752 3211 875 3288; x_wconf 89' lang='lat' dir='ltr'>bonore,</span> 
     </span>
     <span class='ocr_line' id='line_1_31' title="bbox 97 3303 1072 3382; baseline 0.008 -18"><span class='ocrx_word' id='word_1_190' title='bbox 97 3303 183 3376; x_wconf 84' lang='lat' dir='ltr'>Quas</span> <span class='ocrx_word' id='word_1_191' title='bbox 197 3306 343 3382; x_wconf 90' lang='lat' dir='ltr'>dedimus,</span> <span class='ocrx_word' id='word_1_192' title='bbox 354 3307 435 3369; x_wconf 77' lang='lat' dir='ltr'>certe</span> <span class='ocrx_word' id='word_1_193' title='bbox 450 3321 541 3369; x_wconf 86' lang='lat' dir='ltr'>terras</span> <span class='ocrx_word' id='word_1_194' title='bbox 555 3307 685 3370; x_wconf 85' lang='lat' dir='ltr'>habitare</span> <span class='ocrx_word' id='word_1_195' title='bbox 697 3308 836 3371; x_wconf 83' lang='lat' dir='ltr'>sinamus.</span> <span class='ocrx_word' id='word_1_196' title='bbox 1012 3310 1072 3373; x_wconf 80' lang='lat'>195</span> 
     </span>
     <span class='ocr_line' id='line_1_32' title="bbox 96 3399 787 3486; baseline 0.006 -25"><span class='ocrx_word' id='word_1_197' title='bbox 96 3399 146 3461; x_wconf 86' lang='lat' dir='ltr'>An</span> <span class='ocrx_word' id='word_1_198' title='bbox 162 3401 241 3478; x_wconf 87' lang='lat' dir='ltr'>satis,</span> <span class='ocrx_word' id='word_1_199' title='bbox 256 3425 275 3464; x_wconf 93' lang='lat' dir='ltr'>o</span> <span class='ocrx_word' id='word_1_200' title='bbox 289 3404 397 3486; x_wconf 86' lang='lat' dir='ltr'>superi,</span> <span class='ocrx_word' id='word_1_201' title='bbox 412 3415 491 3466; x_wconf 91' lang='lat' dir='ltr'>tutos</span> <span class='ocrx_word' id='word_1_202' title='bbox 505 3402 566 3465; x_wconf 79' lang='lat' dir='ltr'>lore</span> <span class='ocrx_word' id='word_1_203' title='bbox 581 3404 699 3467; x_wconf 87' lang='lat' dir='ltr'>creditis</span> <span class='ocrx_word' id='word_1_204' title='bbox 712 3405 787 3481; x_wconf 88' lang='lat' dir='ltr'>illos,</span> 
     </span>
    </p>
   </div>
   <div class='ocr_carea' id='block_1_3' title="bbox 57 3493 945 3601">
    <p class='ocr_par' dir='ltr' id='par_1_5' title="bbox 57 3493 945 3601">
     <span class='ocr_line' id='line_1_33' title="bbox 57 3493 945 3601; baseline 0.006 -42"><span class='ocrx_word' id='word_1_205' title='bbox 57 3594 61 3601; x_wconf 29' lang='grc' dir='ltr'>Ι</span> <span class='ocrx_word' id='word_1_206' title='bbox 96 3493 177 3559; x_wconf 78' lang='lat' dir='ltr'>cam</span> <span class='ocrx_word' id='word_1_207' title='bbox 193 3499 276 3576; x_wconf 93' lang='lat' dir='ltr'>mihi,</span> <span class='ocrx_word' id='word_1_208' title='bbox 292 3500 342 3582; x_wconf 91' lang='lat' dir='ltr'>qui</span> <span class='ocrx_word' id='word_1_209' title='bbox 356 3499 478 3578; x_wconf 84' lang='lat' dir='ltr'>fuhnen,</span> <span class='ocrx_word' id='word_1_210' title='bbox 494 3500 545 3585; x_wconf 87' lang='lat' dir='ltr'>qui</span> <span class='ocrx_word' id='word_1_211' title='bbox 559 3522 612 3565; x_wconf 83' lang='lat' dir='ltr'>vos</span> <span class='ocrx_word' id='word_1_212' title='bbox 623 3501 790 3583; x_wconf 89' lang='lat' dir='ltr'>habeoque,</span> <span class='ocrx_word' id='word_1_213' title='bbox 805 3519 945 3585; x_wconf 82' lang='lat' dir='ltr'>regeque,</span> 
     </span>
    </p>
   </div>
   <div class='ocr_carea' id='block_1_4' title="bbox 0 0 1178 4102">
    <p class='ocr_par' dir='ltr' id='par_1_6' title="bbox 0 0 1178 4102">
     <span class='ocr_line' id='line_1_34' title="bbox 0 0 1178 4102; baseline 0 1"><span class='ocrx_word' id='word_1_214' title='bbox 0 0 1178 4102; x_wconf 95' lang='lat' dir='ltr'> </span> 
     </span>
    </p>
   </div>
  </div>
 </body>
</html>
