2348 4102
502 384 610 436 LIBER
625 385 674 435 111.

98 534 132 597 Si
147 554 272 615 puemm
283 530 419 615 juvenes,
434 532 458 593 si
472 532 557 595 multi
572 532 668 594 sallitis
682 551 776 592 unum
786 530 819 594 ?'‘

97 628 283 690 Jamdudum
296 627 415 690 flebam.
459 627 623 710 Laerymas
637 649 741 689 manus
755 627 847 709 impia
860 640 973 691 nestrae

99 723 210 785 Ridet:
234 736 265 784 et
279 723 404 805 impellit
417 725 641 806 properantibus
656 744 772 805 equora
786 724 884 786 remis.
1009 726 1069 787 241

100 818 161 881 Per
173 820 227 881 tibi
241 841 320 881 nuno
335 820 432 902 ipsum
444 818 521 904 (nec
536 821 614 881 enim
629 821 797 902 praesentior
811 821 861 883 illo

99 913 157 976 Est
170 914 259 999 deus)
277 915 389 998 adjuro,
403 928 465 977 tam
479 936 528 978 me
543 916 595 977 tibi
609 936 679 976 vera
692 915 811 992 referre,

99 999 204 1083 Quini
220 1011 281 1072 veri
295 1010 405 1094 majore
418 1010 487 1072 fide.
532 1011 621 1074 Stetit
636 1032 751 1094 aequore
765 1012 875 1094 puppis

99 1104 192 1167 Haud
207 1106 299 1183 aliter,
315 1107 403 1188 qu'am
417 1106 442 1167 si
456 1108 567 1169 siccum
581 1108 684 1168 navale
699 1121 825 1170 teneret.
1010 1109 1073 1170 245

98 1200 146 1262 Illi
161 1201 338 1262 admirantes
353 1223 500 1266 remorum
514 1202 544 1262 in
560 1202 681 1264 verbere
696 1216 843 1285 perstant:

99 1295 238 1378 Velaque
253 1297 420 1374 deducunt3
443 1298 619 1380 geminique
635 1317 693 1380 ope
707 1319 823 1360 currere
838 1311 962 1361 tentant.

98 1391 269 1474 Impediunt
283 1393 399 1454 hedera
413 1415 519 1470 remae,
534 1415 673 1476 nexuque
695 1415 818 1456 recurvo

98 1486 248 1568 Serpunt3
271 1502 301 1550 et
315 1489 440 1570 gravidis
455 1489 628 1568 distringunt
642 1489 709 1550 vela
721 1490 880 1570 corymbis.

98 1582 180 1666 Ipse,
194 1583 373 1644 racemiferis
387 1583 513 1644 frontem
526 1583 723 1643 circmndatus
737 1584 813 1658 uvis,
1010 1584 1073 1644 250

98 1678 271 1761 Pampineis
287 1679 377 1759 agitat
392 1679 518 1740 velatam
533 1677 682 1739 smndibus
696 1678 820 1739 hastam.

98 1774 204 1848 Quem
217 1775 295 1837 cirea
309 1775 407 1855 tigres,
422 1774 636 1855 simulacraque
651 1773 749 1834 inania
762 1774 894 1856 lyncum,

98 1869 311 1952 Pictarumque
322 1869 423 1953 jacent
437 1869 498 1931 sera
511 1891 634 1950 corpora
648 1870 866 1950 pantherarum.

141 1965 299 2029 Exsiluere
315 1965 387 2041 viri23
409 1965 472 2027 sive
486 1966 544 2026 hoc
558 1964 670 2025 insania
684 1963 765 2039 fecit,

98 2062 171 2124 Sive
186 2063 288 2123 timor:
312 2062 482 2144 primusque
497 2059 613 2122 Medon
627 2060 793 2140 nigrescere
808 2058 905 2142 pinnis
1010 2061 1073 2124 255

98 2157 236 2240 Corpore
252 2159 401 2240 depresso,
417 2172 447 2220 et
461 2159 552 2239 spinae
562 2157 737 2219 'olavamina
751 2156 831 2218 flecti

96 2253 215 2336 Incipit.
261 2254 340 2316 Huic
354 2254 503 2336 Lycabas,
519 2261 538 2290 ‘⁶
548 2253 583 2314 ln
599 2275 663 2336 quae
678 2253 850 2329 miracula,'’
866 2252 952 2330 dixit,

97 2354 118 2388 ⁶⁸
129 2348 261 2411 Verteris
270 2349 303 2411 ?’'
325 2363 356 2411 et
370 2350 419 2410 lati
434 2349 534 2424 rietus,
549 2361 580 2409 et
594 2349 691 2430 panda
704 2349 837 2430 loquenti

96 2444 128 2508 N
130 2446 185 2507 aris
200 2459 272 2522 erat,
286 2464 498 2526 squamamque
512 2443 587 2505 cutis
602 2445 705 2503 durata
718 2444 863 2504 trahebat.

96 2541 142 2604 At
156 2541 261 2624 Libys,
276 2542 425 2603 obstantes
441 2538 511 2600 dum
527 2539 589 2599 vult
603 2539 757 2599 obvertere
772 2558 880 2601 remos.
1009 2541 1072 2604 260

96 2636 133 2698 ln
147 2638 274 2720 spatium
289 2636 398 2698 resilire
412 2656 517 2697 manus
530 2635 621 2697 breve
636 2635 725 2711 vidit;
749 2649 779 2698 et
794 2636 858 2698 illas

95 2732 168 2794 Jam
182 2721 242 2794 non
258 2753 323 2794 esse
338 2752 459 2807 manus3
478 2731 541 2815 jam
555 2732 660 2815 pinnas
675 2753 761 2814 posse
777 2733 885 2796 vocari.

96 2829 185 2890 hiter
199 2827 238 2889 ad
252 2828 373 2889 intortos
388 2828 511 2910 cupiens
526 2828 595 2890 dare
607 2829 729 2890 »brachia
743 2827 837 2904 funes,

96 2923 228 2987 Brachia
241 2945 301 2986 noa
315 2923 417 2985 habuit
425 2944 437 2998 1;
448 2947 449 2951 ¹
460 2936 622 3004 truncoque
637 2924 785 3004 repandus
800 2923 829 2983 in
842 2923 938 2985 undas

96 3019 233 3103 Corpore
249 3020 375 3082 desiluit.
421 3018 544 3080 Faloeta
557 3018 715 3080 novissima
729 3017 824 3081 cauda
833 3031 900 3082 est:
1008 3021 1071 3086 265

98 3116 209 3189 Qualia
222 3114 346 3178 dividuae
355 3115 512 3178 sinuanmr
520 3135 634 3178 cornua
646 3116 731 3179 lune.

98 3212 240 3296 Undique
255 3213 326 3274 dant
339 3213 446 3275 saltus:
468 3212 621 3295 multique
635 3213 809 3297 adspergine
823 3228 937 3278 rorant:

98 3308 323 3392 Emergrmtque
334 3310 460 3386 iterum3
481 3311 664 3393 redeuntque
677 3312 732 3373 sub
747 3332 864 3396 aequora
877 3330 992 3374 rursus:

99 3404 193 3489 lnque
208 3406 291 3468 chori
304 3407 410 3470 ludunt
423 3407 572 3490 speciem:
593 3407 761 3492 lascivaque
772 3408 885 3492 jactam

100 3501 253 3587 Corpora3
270 3511 477 3588 u‘aeoeptran
490 3503 597 3588 patulis
610 3523 692 3568 mare
705 3502 949 3567 nwibmefflut.
1002 3507 1071 3570 tna
