2348 4102
501 378 611 428 LIBER
631 379 652 428 1.

78 524 203 589 Petrinis
218 524 374 606 Argolicae,
389 525 582 608 stimulosque
597 527 625 587 in
641 541 763 608 pectora
777 547 871 589 cacos

78 619 237 696 Condidit,
253 634 284 682 et
299 619 451 705 profugam
467 642 521 702 per
535 635 630 683 totum
645 623 748 684 terruit
761 624 874 686 orbem.

79 713 215 779 Uitimus
230 716 375 777 immenso
388 717 529 792 restabas,
545 716 625 794 Nile,
640 709 742 780 lab'ori.

80 811 188 885 Quem
202 812 288 873 simul
303 832 338 873 ac
352 812 459 892 tetigit,
475 812 635 895 positisque
651 815 681 875 in
695 814 827 894 margine
843 814 914 895 ripae

79 906 395 986 Procubuitgenibus,
410 907 608 988 resupinoque
623 909 715 968 ardua
728 908 817 983 collo,
1000 908 1063 970 585

81 1000 172 1074 Quos
187 1001 292 1083 potuit,
308 1002 385 1062 solos
395 1002 507 1062 tollens
523 1003 560 1062 ad
574 1002 670 1063 sidera
686 1003 795 1077 vultus,

81 1096 126 1158 Et
139 1097 262 1177 gemitu,
278 1109 308 1156 et
323 1097 471 1177 laerymiS,
487 1111 517 1157 et
532 1098 677 1159 luctisono
691 1098 805 1177 mugitu

81 1191 165 1254 Cum
181 1190 257 1252 Jove
274 1191 335 1252 visa
350 1192 431 1273 queri
447 1205 502 1268 est,
517 1193 666 1274 finemque
681 1212 764 1253 orare
779 1192 937 1254 malorum.

81 1287 230 1371 Conjugis
243 1288 292 1349 ille
307 1309 365 1349 suae
380 1290 556 1370 complexus
571 1290 649 1350 colla
662 1288 789 1364 lacertis),
842 1276 889 1317 ’Υ

82 1383 183 1446 Finiat
196 1398 230 1445 ut
244 1405 348 1466 poenas
362 1386 493 1460 tandem,
508 1399 607 1465 rogat:
632 1384 746 1466 ‘Inque
760 1383 890 1446 futurum
1000 1383 1065 1446 590

81 1478 169 1541 Pone
183 1480 303 1556 metus,'
319 1480 423 1561 inquit,
440 1488 610 1562 ‘nunquam
624 1482 675 1542 tibi
690 1501 780 1543 causa
794 1480 901 1541 doloris

83 1572 160 1636 Haec
174 1574 228 1636 erit
238 1574 258 1635 :'
282 1588 313 1635 et
328 1574 447 1655 Stygias
458 1573 544 1655 jubet
559 1576 617 1635 hoc
632 1574 732 1635 audire
747 1573 883 1656 paludes,

82 1668 131 1732 Ut
143 1670 233 1731 lenita
249 1669 306 1729 dea
321 1682 376 1744 est,
392 1669 490 1730 vultus
505 1670 585 1750 capit
599 1669 648 1730 illa
662 1669 791 1750 priores:

82 1763 206 1847 Fitque,
222 1764 302 1847 quod
317 1764 385 1825 ante
400 1762 464 1825 firit.
509 1763 642 1846 Fugiunt
657 1786 674 1826 e
688 1784 813 1847 corpore
827 1777 915 1826 setar:

84 1858 210 1922 Cornua
225 1860 416 1921 decrescunt:
439 1861 471 1921 fit
485 1859 602 1922 luminis
618 1862 723 1923 arctior
737 1861 832 1923 orbis:
1002 1858 1067 1921 595

84 1954 281 2018 Contrahitur
294 1957 400 2018 rictus:
424 1956 550 2017 redeunt
564 1957 739 2039 humerique
755 1974 936 2036 manusque:

84 2050 269 2133 Ungulaque
283 2052 312 2112 in
328 2052 433 2135 quinos
448 2052 561 2135 dilapsa
575 2053 737 2114 absumitur
751 2071 877 2132 ungues.

84 2145 138 2208 De
152 2146 231 2208 bove
245 2147 286 2208 nil
300 2162 445 2229 superest,
460 2147 559 2211 sormae
574 2149 629 2211 nisi
644 2150 765 2218 candor,
778 2148 809 2211 in
823 2145 895 2209 illa:

84 2240 258 2319 Officioque
273 2238 384 2318 pedum
398 2239 533 2319 nymphe
548 2250 689 2299 contenta
703 2238 839 2314 duorum,

86 2333 237 2415 Erigitur:
261 2333 425 2413 metuitque
440 2333 542 2412 loqui3
565 2353 699 2395 nemore
711 2332 848 2416 juvence
1003 2333 1068 2396 600

87 2428 225 2510 Mugiat:
250 2441 282 2487 et
295 2426 398 2487 timide
415 2427 505 2485 verba
518 2426 683 2486 intermissa
695 2439 832 2487 retentat.

88 2523 179 2587 Nune
193 2525 251 2587 dea
265 2519 390 2602 linigera
403 2520 509 2582 colitur
522 2520 714 2582 celeberrima
727 2520 824 2582 turba.
