2348 4102
503 360 611 411 LIBER
626 361 686 411 vn.

99 505 165 569 Aut
179 505 230 568 ubi
244 504 362 567 terreni
376 505 471 568 silices
485 505 603 568 fornace
617 505 705 567 soluti

100 602 284 683 Concipinnt
298 601 397 682 ignem
410 601 587 684 liquidarum
597 601 772 684 adspergine
784 620 944 684 aquarum:
1011 644 1015 649 -

98 696 230 760 Pectora
243 697 285 758 sic
299 697 376 758 intus
391 698 503 760 clausas
519 697 668 760 volventia
681 697 826 773 flammas,

98 792 288 874 Gutturaque
302 806 368 854 usta
381 805 495 854 sonant.
539 792 657 857 Tamen
671 793 728 854 illis
742 791 856 854 AEsone
869 803 955 855 natus

97 887 216 950 Obvius
230 888 262 949 it.
308 887 434 949 Venere
449 900 547 950 nuces
558 888 703 948 venientis
717 887 755 948 ad
769 907 821 948 ora

97 982 261 1046 Terribiles
275 983 384 1060 vultus,
399 984 577 1066 praefixaque
591 1002 702 1044 corana
714 981 809 1058 ssno3
942 1056 946 1063 ,

97 1077 340 1160 Pulvereumque
353 1079 450 1140 solum
464 1079 541 1161 pede
557 1079 713 1161 pulsavrire
729 1077 861 1154 bisulco3
904 1147 905 1151 ,

97 1172 310 1256 Fumificisqae
326 1175 425 1236 locum
438 1174 596 1254 mugitibus
611 1174 785 1255 implevisse.

97 1268 258 1349 Diriguiere
273 1283 354 1332 metu
369 1267 492 1352 Minyae.
537 1269 624 1331 Subit
638 1269 706 1345 ille;
727 1289 784 1332 nec
798 1269 882 1351 ignes

97 1363 196 1427 Sentit
211 1366 371 1441 anhelatos,
389 1363 517 1450 (tanturn
530 1365 727 1440 medicamina
740 1361 882 1448 possunt)

96 1458 295 1541 Pendulaque
310 1461 415 1522 arrdaci
428 1461 539 1522 mulcet
552 1461 680 1541 palearia
690 1460 814 1522 dextri:
883 1529 886 1532 ,

97 1554 334 1638 Suppositosque
345 1554 418 1637 jugo
431 1554 548 1635 pondus
563 1574 651 1634 grave
665 1555 744 1635 cogit
758 1554 845 1616 aratri

97 1649 231 1726 Ducere,
248 1664 280 1711 et
293 1651 441 1712 insuetum
455 1648 531 1720 serm
545 1649 732 1730 proscindere
746 1667 897 1730 campum.

97 1745 244 1808 Mirantur
259 1744 387 1810 Colchi:
410 1742 524 1827 Minya
537 1744 714 1806 clamoribus
724 1743 859 1826 implent,

96 1841 310 1926 Adjiciuntque
326 1842 448 1903 animos.
492 1839 590 1905 Galeri
603 1853 667 1902 tum
680 1841 769 1902 sumit
783 1838 860 1901 a'e'ni

98 1936 246 2022 Vipereos
261 1937 382 2013 denen
404 1949 436 1998 et
448 1948 544 1998 aratos
558 1937 669 2016 spargit
682 1936 712 1996 in
726 1955 822 2015 agros.

97 2033 220 2099 Semina
233 2034 326 2095 mollit
340 2034 459 2108 humus,
474 2031 573 2093 valido
585 2030 736 2112 praetincta
751 2047 886 2090 veneno:

97 2128 140 2192 Et
154 2141 300 2202 crescunt,
315 2129 446 2210 fiuntque
460 2127 515 2189 sati
528 2146 608 2188 nova
622 2128 745 2207 corpora
759 2124 873 2186 dentes.

97 2224 139 2287 Et
154 2225 205 2285 ubi
220 2223 377 2286 visceribus
392 2223 522 2305 gravidae
537 2222 647 2284 telluris
662 2221 760 2302 imago

98 2317 217 2382 Effecta
232 2333 277 2380 est
291 2319 428 2393 hominis,
441 2317 515 2383 soeto
528 2317 677 2396 consurgit
691 2317 720 2378 in
735 2337 823 2378 arvo:

98 2413 251 2497 Quodque
266 2413 358 2494 magis
372 2413 489 2486 mirum,
503 2412 590 2472 simul
605 2412 684 2471 edita
697 2411 828 2472 concutit
842 2431 932 2472 arma.

98 2509 186 2584 Quos
200 2495 252 2571 ubi
266 2509 402 2570 viderunt
416 2517 569 2588 preaeute
583 2504 713 2585 cuspidis
728 2505 826 2565 nasas

97 2605 132 2668 In
146 2619 238 2688 caput
254 2603 399 2665 Hemonii
409 2601 527 2686 juvenis
542 2613 678 2684 torquere
694 2612 828 2682 paratos3

96 2700 256 2763 Demisire
271 2713 351 2761 metu
368 2698 541 2780 vultumniae
555 2697 744 2780 animumque
759 2694 889 2778 Pelasgi.

96 2794 167 2879 Ipsa
181 2814 300 2879 quoque
313 2794 460 2870 extimuit,
476 2813 540 2876 quae
554 2807 652 2856 tutum
666 2793 777 2854 fecerat
789 2793 889 2855 illum:

96 2890 201 2976 thue
217 2893 278 2974 pati
288 2891 432 2975 juvenem
445 2903 490 2952 tot
504 2890 577 2950 vidit
591 2891 627 2950 ab
642 2889 773 2948 hostibus
787 2907 891 2962 unum,

96 2986 227 3063 Palluit3
248 3001 280 3050 et
289 2986 386 3048 subito
400 2986 463 3046 sine
477 2984 619 3064 sangnine
634 2982 737 3062 frigida
751 2972 836 3043 sedit.
879 3028 882 3032 .

97 3081 186 3146 Neve
201 3084 304 3165 parim
319 3081 437 3142 valeam
448 3100 468 3141 a
480 3098 515 3141 se
526 3079 599 3142 data
612 3079 753 3162 gratuim,
767 3099 888 3145 cumn

97 3178 251 3240 Auxiliare
266 3179 363 3254 canit;
384 3189 571 3259 secretasque
584 3175 709 3238 advocat
725 3189 813 3239 artes.

97 3270 162 3350 ille,
178 3295 298 3355 gravem
312 3273 425 3335 medios
436 3273 551 3335 silicem
560 3271 706 3355 jaculatus
720 3273 750 3335 in
764 3273 875 3350 hostes,

97 3370 127 3431 A
142 3391 175 3431 se
191 3369 348 3451 depulsum
363 3367 492 3431 Martem
505 3371 651 3431 convertit
665 3370 693 3431 in
707 3369 799 3451 ipsos.
926 3419 934 3431 ,
1065 3401 1076 3411 ⁸

97 3464 267 3547 Terrigenae
282 3478 405 3547 pereunt
420 3476 590 3547 permutas
601 3465 724 3528 calama
734 3463 857 3537 listina
930 3558 933 3566 Ι
