2348 4102
95 350 146 412 02
411 346 759 409 neramosrrroesort

142 504 257 568 Verum
271 505 322 567 ubi
336 504 473 566 virtutem
488 505 578 566 turbae
592 506 784 566 succumbere
799 503 883 581 vidit,

99 600 294 677 ‘Auxilium'
310 601 448 676 Perseus,
464 602 621 682 ‘quoniam
636 601 678 661 sic
692 599 796 680 cogitis
810 599 888 682 ipsi,'

98 697 195 773 Dixit,
211 698 266 759 ‘ab
281 697 365 758 hoste
377 704 500 777 'petam3
523 696 620 757 vultus
635 696 758 756 avertite
773 707 897 772 vestros,

97 790 130 854 Si
146 793 210 874 quis
225 792 335 854 amicus
351 792 433 875 ade-‚st
443 791 461 852 :'
484 803 514 852 et
529 788 676 870 Gorgonis
690 790 797 851 extulit
810 811 871 852 ora.

98 884 227 960 ‘Quare
241 887 341 962 alium,
356 900 408 948 tua
422 906 511 969 quem
525 898 663 948 moveant
677 885 835 961 miracula,’
852 885 926 948 dixit

37 1029 41 1037 «
96 982 280 1046 Thescelus:
303 997 394 1065 utque
408 1004 499 1044 manu
510 981 642 1065 jaculum
658 980 745 1042 fatale
761 982 882 1062 parabat

95 1075 229 1155 Mittere,
245 1079 274 1140 in
289 1079 347 1140 hoc
362 1078 445 1160 hesit
459 1077 576 1158 signum
590 1076 628 1137 de
644 1096 789 1163 marmore
806 1089 901 1157 gestu.

95 1173 256 1236 Proximus
270 1174 340 1235 huic
355 1173 482 1256 Ampyx
497 1173 586 1234 animi
600 1172 770 1255 plenissima
782 1173 881 1253 magni

95 1267 225 1331 Pectora
238 1269 381 1350 Lyncida
396 1269 493 1348 gladio
506 1269 597 1351 petit:
621 1268 709 1350 inque
724 1267 857 1350 petendo
1022 1307 1026 1313 -
1060 1304 1063 1309 ·

96 1362 233 1426 Dextera
247 1363 373 1444 diriguit,
389 1385 445 1426 nec
459 1362 532 1426 citri
544 1375 635 1438 mota,
649 1383 706 1425 nec
717 1363 803 1425 ultre.
933 1369 934 1372 ’

98 1461 140 1523 At
155 1459 271 1536 Nileus,
286 1459 336 1543 qui
351 1480 383 1522 se
398 1459 530 1541 genitum
544 1456 738 1543 septemplice
754 1459 825 1522 Nilo

94 1554 265 1620 Ementitus
281 1569 354 1633 erat,
368 1556 477 1639 clypeo
493 1575 611 1638 quoque
626 1554 747 1616 flumina
761 1567 878 1637 septem

96 1651 231 1734 Argento
246 1653 362 1735 partim,
378 1654 483 1733 partim
497 1652 653 1712 celaverat
667 1671 749 1725 auro,

97 1749 270 1831 ‘Adspice,'
286 1751 336 1825 ait,
352 1748 494 1822 ‘Persem
509 1759 613 1807 nostra
628 1745 786 1827 primordia
799 1745 912 1825 gentis:

87 1840 210 1925 ,Magna
223 1841 299 1905 seres
313 1843 416 1905 tacitas
430 1842 532 1903 solatia
545 1840 647 1902 mortis
661 1839 698 1902 ad
712 1840 841 1918 umbras,

96 1939 127 2001 A
142 1952 224 2002 tanto
237 1939 379 2002 cecidisse
396 1937 479 2000 viro?
523 1936 597 1998 Pars
611 1936 714 1998 ultima
729 1937 809 1999 vocis

95 2033 132 2096 In
146 2036 245 2097 medio
260 2056 418 2118 suppressa
432 2055 505 2096 sono
519 2047 580 2094 est:
603 2032 801 2115 adapertaque
817 2032 894 2095 velle

96 2129 160 2191 Ora
173 2130 254 2213 loqui
269 2130 389 2206 credas;
410 2149 466 2192 nec
481 2141 548 2189 sunt
563 2148 600 2189 ea
614 2129 716 2209 pervia
729 2128 837 2190 verbis.

59 2238 65 2246 ’
96 2223 234 2306 Increpat
249 2224 313 2300 hos,
329 2223 489 2305 ‘Vitioque
506 2223 605 2299 aninri,
620 2243 680 2284 non
694 2222 842 2300 crinibus,'
858 2223 967 2306 inquit,

97 2319 280 2401 ‘Gorgoneis
296 2319 436 2402 torpetis,’
454 2316 557 2401 Eryx:
582 2319 736 2382 ‘incurrite
750 2341 868 2382 mecum
878 2340 888 2396 3
961 2374 964 2378 ,

96 2414 139 2479 Et
152 2416 328 2499 prosternite.
341 2416 424 2478 humi
435 2414 588 2500 juvenem,
602 2416 718 2497 magica
732 2437 812 2479 arma
825 2417 1018 2480 moventem?

95 2512 267 2576 Incursurus
282 2525 345 2575 erat
353 2534 362 2590 ;
384 2513 477 2575 tenuit
494 2513 616 2594 vestigia
629 2506 732 2574 tellus:
1011 2515 1068 2577 141

96 2608 299 2690 lmmotusque
314 2609 400 2682 silex,
416 2619 585 2689 armataque
599 2607 706 2668 mansit
721 2607 827 2689 imago.

96 2702 139 2766 Hi
153 2716 252 2764 tamen
268 2723 308 2764 ex
323 2703 427 2763 merito
442 2721 563 2782 poenam
577 2702 711 2777 subiere3
733 2703 875 2765 sedunus

95 2797 186 2860 Miles
201 2812 264 2859 erat
278 2797 392 2874 Persei,
407 2807 532 2880 proquo
546 2797 617 2859 dum
631 2809 753 2879 pugnat,
769 2798 935 2877 Aconteus,

95 2895 236 2977 Gorgone
251 2894 415 2979 conspectb
428 2915 502 2958 saxo
515 2894 665 2958 concrevit
679 2894 793 2958 oborto.
1011 2898 1070 2959 145

96 2990 200 3063 Quem
214 3004 293 3052 ratus
307 2992 456 3073 Astyages
472 2992 632 3053 etiamnum
646 2991 758 3068 vivere,
773 2990 862 3072 longo

96 3085 177 3147 Ense
193 3085 276 3147 ferit:
299 3087 395 3146 sonuit
409 3087 558 3148 tinnitibus
574 3089 651 3149 ensis
666 3088 770 3149 acutis.

96 3181 180 3243 'Dum
194 3193 293 3263 stupet
308 3179 468 3261 Astyages,
483 3195 615 3241 naturam
630 3182 719 3241 traxit
734 3180 877 3242 eandem:

96 3276 324 3360 Marmoreoque
339 3289 440 3337 manet
454 3276 551 3337 vultus
565 3277 695 3338 mirantis
710 3277 740 3338 in
754 3297 816 3338 ore.

96 3364 226 3437 Nomina
240 3373 328 3456 longa
341 3394 424 3435 mora
438 3384 483 3434 est
496 3370 595 3435 medie
609 3373 647 3434 de
662 3374 750 3457 plebe
766 3375 893 3436 viromm
1010 3379 1075 3440 150-

96 3467 217 3532 Dicere.
261 3470 316 3533 Bis
331 3483 451 3534 centum
466 3469 613 3532 restabant
626 3491 750 3553 corpora
762 3492 886 3554 pugna:
