2348 4102
96 354 161 423 164
489 351 684 413 HERODES.

94 511 195 575 Omne
210 509 285 572 latus
300 520 383 571 terre
397 507 488 588 cingit
502 527 594 570 mere.
639 504 750 568 Navita
763 524 929 588 nusquam:

138 605 230 669 Nulla
246 626 300 687 per
314 605 466 684 ambiguas
480 603 590 686 puppis
604 602 680 664 itura
695 602 767 664 vies.

95 702 193 783 Finge
210 701 270 762 dari
285 700 468 783 comitesque
484 699 567 774 mihi,
583 711 758 782 ventosque,
773 711 951 780 ratemque3

139 796 226 872 Quid
240 798 366 879 sequar?
412 796 562 858 Accessus
577 808 654 857 terre
668 808 794 876 paterna
806 807 908 876 nogat.

96 893 142 957 Ut
156 908 218 956 rate
233 893 311 955 felici
327 904 432 975 pecata
445 912 500 974 per
514 912 630 974 aequoro
644 892 727 954 leber
735 911 745 967 ;
828 951 834 960 ,
1033 892 1068 952 65

138 991 304 1071 Temperet
319 1001 352 1050 ut
367 1002 471 1051 ventos
486 987 609 1063 AEolus3
632 987 717 1050 exsul
732 1008 794 1049 ero.

98 1086 169 1153 Non
183 1108 240 1168 ego
254 1099 295 1161 te,
312 1084 416 1160 Crete,
431 1097 551 1147 centum
566 1084 680 1164 digesta
695 1104 748 1165 por
761 1083 861 1160 urbes,

142 1172 328 1264 Adspiciunt,
344 1203 438 1265 puero
451 1181 569 1262 cognito
583 1195 660 1243 terra
673 1179 754 1242 Jovi.

99 1279 179 1341 Nam
194 1291 288 1361 pater,
303 1291 334 1340 et
348 1278 434 1340 tellus
444 1276 526 1359 justo
540 1289 661 1356 regnata
675 1275 800 1358 parenti,

142 1372 263 1435 Prodita
277 1386 345 1434 sunt
361 1371 449 1447 facto,
464 1371 583 1433 nomina
596 1392 674 1447 cara,
689 1393 769 1435 meo.

98 1467 181 1532 Clun
197 1470 258 1544 tibi,
274 1489 312 1530 ne
329 1468 420 1531 victor
433 1481 513 1531 teoto
526 1488 674 1531 morerere
689 1489 823 1544 recurvo,

143 1565 222 1640 Quae
238 1578 372 1648 regerent
388 1586 489 1648 passus
503 1586 558 1648 pro
571 1565 648 1628 duce
662 1565 710 1627 fils
726 1564 805 1627 dedi.

100 1661 184 1725 Clun
198 1663 269 1724 mihi
279 1663 413 1739 dicebas,
429 1662 509 1723 ‘Per
523 1682 580 1742 ego
594 1662 657 1744 ipsa
672 1661 802 1743 pericula
813 1659 893 1745 juro,

143 1758 192 1821 Te
209 1758 282 1834 fore,
298 1760 370 1827 dum
383 1759 516 1819 nostrdm
531 1759 610 1820 vivet
624 1772 759 1840 uterque,
775 1757 896 1820 meum.'

101 1851 256 1919 Vivimus:
280 1867 310 1915 et
325 1874 384 1916 non
399 1873 475 1930 sum,
490 1852 625 1930 Theseu,
640 1867 707 1916 tua:
731 1854 755 1916 si
770 1854 861 1916 modo
876 1854 961 1931 viris,
1036 1853 1072 1914 'li

144 1949 295 2026 Foemina,
311 1949 419 2034 perjuri
433 1949 534 2014 tiendo
550 1951 667 2035 sepulte
682 1951 745 2013 viri.

100 2047 154 2113 Me
170 2070 299 2131 quoque,
314 2048 375 2131 quis
388 2047 517 2126 lintrem,
531 2050 702 2125 maotdsses,
717 2049 862 2130 improbe,
875 2046 974 2123 clevi.

143 2144 242 2220 Esset,
259 2165 346 2224 quam
362 2143 496 2219 dederas,
511 2158 605 2206 morte
620 2146 715 2206 soluta
729 2144 812 2207 fides.

101 2238 190 2302 Nunc
206 2260 262 2319 ego
278 2261 336 2299 non
352 2240 476 2313 tantum,
493 2260 557 2321 quae
572 2261 638 2301 sum
653 2261 783 2322 passura,
798 2240 957 2316 recordor;

144 2336 205 2397 Sed
221 2355 403 2418 quaecunque
419 2348 517 2417 potest
531 2336 592 2399 ulle
607 2337 707 2400 relicte
722 2338 794 2419 pati.
810 2375 817 2394 ·
887 2334 891 2343 ’
1038 2338 1076 2398 80

101 2433 272 2496 Occurrunt
286 2433 386 2494 animo
400 2433 543 2515 pereundi
558 2434 639 2496 mille
654 2435 769 2516 figurae:

144 2529 287 2612 Morsque
302 2531 399 2592 minus
413 2551 520 2612 poenae,
536 2532 626 2614 quim
640 2541 727 2593 moro
737 2530 850 2609 mortis,
864 2531 966 2595 habor.

101 2627 170 2688 Jarn
182 2626 245 2707 jam
260 2640 398 2686 venturos
414 2640 464 2688 aut
479 2627 547 2701 hte,
563 2640 614 2688 aut
628 2628 760 2710 suspicor
774 2628 852 2705 illle,

121 2794 125 2798 ,
145 2720 209 2793 Qui
224 2720 334 2781 lanient
350 2719 436 2782 avido
452 2722 564 2782 viscera
578 2723 679 2799 dente,
694 2724 791 2806 lupos.

102 2817 238 2880 Forsitan
254 2831 284 2879 et
299 2817 394 2879 firlvos
410 2818 497 2880 tellus
512 2819 570 2881 slot
585 2819 639 2881 ista
653 2819 765 2883 leones.
1038 2819 1077 2884 86

145 2913 224 2989 Quis
239 2915 304 2991 scit,
320 2937 358 2976 an
372 2917 435 2978 haec
450 2936 541 2979 sevas
555 2917 674 2999 tigridas
689 2916 784 2980 insula
797 2919 909 2981 habeti

103 3011 144 3075 Et
160 3012 233 3074 freta
248 3013 384 3074 dicuntur
397 3035 518 3095 magnas
533 3016 684 3097 expellere
700 3016 823 3098 phocas.

145 3106 231 3179 Quid
246 3122 326 3171 vetat
341 3123 371 3171 et
387 3110 497 3189 gladios
513 3133 567 3193 per
580 3114 656 3175 latus
671 3114 712 3175 ire
727 3115 850 3176 meum?

102 3203 235 3266 Tantim
250 3226 288 3266 ne
304 3205 409 3285 religer
423 3206 498 3268 duris
510 3209 629 3290 captiva
643 3211 768 3287 catend;

146 3301 233 3365 Neve
249 3304 362 3365 traham
376 3303 463 3386 serui
476 3305 596 3386 grandia
610 3329 703 3389 pensa
714 3330 820 3372 manu:
953 3343 954 3346 ¹
1041 3310 1087 3371 90·

103 3398 163 3462 Cui
178 3413 264 3483 poter
277 3415 322 3464 est
336 3399 448 3479 Minos,
462 3403 511 3465 cui
526 3419 620 3467 mater
633 3406 692 3468 filiu
706 3405 832 3471 Phoebi:

145 3495 298 3583 Quodque
312 3497 405 3582 megin
418 3500 549 3579 memini,
565 3523 629 3586 qnae
640 3504 696 3566 tibi
710 3517 798 3588 pocta
811 3501 864 3567 fui.
