2348 4102
472 368 704 442 nnlsroix'x.

98 538 132 602 st
146 559 238 614 mare,
253 539 278 601 si
292 553 393 616 terras,
407 553 602 624 porrectaque
617 540 712 603 littora
728 540 788 603 vidi
796 551 833 617 ;-'

141 633 241 696 Multa
255 635 327 696 mihi
341 635 434 712 terre,
449 636 542 699 multa
556 637 704 697 minantur
717 657 810 718 aque.
832 656 838 660 ’

97 729 222 800 Coelum
236 731 379 793 restabat:
402 733 494 794 timeo
508 733 663 794 simulacra
678 732 810 793 deorum.

142 826 296 889 Destituor
309 828 418 910 rapidis
433 829 532 911 prada
545 829 687 911 cibusque
702 827 779 889 feris.

97 922 170 984 Sive
185 924 286 985 colunt
301 924 492 1007 habitantque
508 925 574 1000 viri,
591 924 747 986 diffidimus
762 923 827 985 illis.
843 971 847 980 .

142 1018 291 1082 Externos
307 1020 394 1083 didici
408 1021 477 1083 laesa
490 1021 594 1093 timere
610 1021 697 1082 viros.

97 1112 223 1177 Viveret
238 1116 415 1197 Androgeos
430 1119 559 1179 utinam:
582 1138 639 1179 nec
653 1116 730 1184 saeta
744 1116 846 1178 luisses

140 1211 237 1294 Impia
251 1212 410 1290 funeribus,
427 1214 558 1296 Cecropi
573 1227 658 1290 terra,
674 1213 752 1276 tuis!

97 1307 165 1370 Nec
181 1322 232 1371 tua
246 1311 405 1373 mactasset
419 1299 532 1374 nodoso
546 1311 655 1394 stipite,
671 1310 806 1387 Theseu,

140 1405 245 1467 Ardua
259 1421 344 1489 parte
360 1408 454 1468 virum
469 1409 603 1496 dextera,
619 1421 702 1489 parte
717 1407 844 1469 bovem!

95 1500 126 1563 N
128 1522 164 1563 ec
178 1503 241 1577 tibi,
257 1525 321 1586 quae
336 1502 446 1563 reditus
461 1515 665 1575 monstrarent,
679 1502 729 1561 fila
742 1501 907 1575 dedissem3
1010 1521 1013 1527 ’

138 1594 208 1656 Fila
222 1617 276 1676 per
290 1595 430 1657 adductas
446 1616 523 1676 saepe
538 1607 660 1674 recepta
673 1594 796 1654 manus!
815 1644 818 1649 .
873 1646 877 1651 .

95 1690 167 1754 Non
182 1690 320 1772 equidem
334 1691 468 1769 miron-si
482 1703 539 1752 stat
554 1690 673 1751 victoria
687 1702 797 1765 tecum,

139 1787 296 1868 Strataque
312 1785 459 1848 Cretatam
474 1787 573 1849 bellua
587 1786 674 1848 tinxit
689 1786 824 1846 humum.

95 1882 167 1945 Non
182 1895 319 1965 poterant
332 1883 380 1963 figi
396 1882 554 1965 precordia
569 1882 785 1943 serrea'cornu:

139 1977 185 2041 Ut
199 1992 229 2040 te
243 2000 302 2040 non
318 1992 444 2060 tegeres,
459 1991 579 2060 pectore
594 1990 674 2039 tutus
688 1997 763 2038 eras.

96 2075 162 2139 Illic
177 2088 210 2137 tu
224 2075 330 2152 silices,
345 2075 404 2137 illic
419 2074 575 2136 adamanta
589 2074 697 2137 tulisti:
803 2088 804 2091 ’

100 2196 105 2201 ·
140 2170 217 2248 Illic,
233 2173 282 2254 qui
301 2172 406 2249 silices,
422 2170 553 2249 Thesea,
569 2172 677 2246 vincat,
693 2169 795 2231 habes.

84 2267 244 2331 Crudeles
259 2269 364 2344 somni,
381 2268 451 2351 quid
466 2289 514 2328 me
529 2268 662 2329 tenuistis
678 2266 824 2334 inertem?

143 2365 183 2425 At
199 2365 292 2425 semel
307 2363 415 2424 aeternai
429 2376 516 2424 nocte
532 2363 694 2443 premenda
707 2362 759 2422 fui.
812 2430 814 2432 ¹

98 2459 163 2522 Vos
178 2480 307 2542 quoque,
323 2458 458 2520 crudeles
474 2458 565 2529 venti,
579 2457 760 2537 nimiumque
776 2455 888 2536 parati;

140 2555 335 2639 Flaminaque
350 2556 379 2617 in
393 2554 538 2636 lacrymas
554 2552 683 2615 officiosa
698 2571 790 2615 meas

97 2653 234 2714 Dextera
248 2651 385 2726 crudelis,
400 2672 465 2733 quae
480 2672 528 2713 me
544 2651 720 2731 fratremque
734 2646 868 2710 necavit:

64 2778 67 2785 ·
139 2747 182 2810 Et
197 2749 265 2810 data
279 2744 423 2831 poscenti,
438 2769 548 2809 nomen
562 2748 660 2822 inane,
674 2746 757 2806 fides.

95 2844 131 2906 In
147 2867 194 2907 me
206 2845 340 2928 jurarunt
354 2866 484 2920 somnus,
501 2858 677 2924 ventusque,
691 2841 835 2920 fidesque.

138 2941 261 3003 Prodita
274 2963 339 3002 sum
355 2940 451 3001 causis
466 2960 525 3000 una
540 2937 641 3019 puella
655 2934 756 2996 tribus.

96 3036 178 3119 Ergo
193 3058 250 3118 ego
263 3059 320 3099 nec
335 3033 481 3117 lacrymas
495 3033 593 3095 matris
606 3031 748 3094 moritura
762 3027 889 3092 videbo:

139 3133 217 3209 Nec,
233 3148 300 3194 mea
315 3133 364 3216 qui
380 3132 486 3214 digitus
500 3130 612 3202 lumina
626 3128 744 3204 condat,
760 3126 836 3189 erit?

96 3229 221 3313 Spiritus
236 3229 338 3290 infelix
352 3230 519 3311 peregrinas
534 3227 587 3289 ibit
600 3227 630 3287 in
645 3245 748 3300 auras3

75 3387 77 3390 ,
139 3325 169 3388 N
171 3347 206 3388 ec
222 3326 332 3408 positos
347 3340 425 3386 artus
439 3337 551 3405 unguet
565 3324 660 3384 amica
675 3322 800 3384 manus?

95 3419 175 3483 Ossa
188 3421 396 3502 superstabunt
410 3418 544 3480 volucres
558 3417 710 3478 inhumata
723 3412 862 3476 marina?

138 3515 215 3580 Haec
229 3530 299 3581 sunt
313 3515 416 3580 officiis
431 3516 518 3596 digna
532 3513 668 3599 sepulcra
681 3510 755 3573 meis
767 3511 779 3572 l
