2348 4102
462 327 546 431 nuli,
567 365 711 416 annam.

137 511 255 594 Irriguae
271 512 385 590 dabitur
398 535 457 576 non
472 505 544 578 mihi
558 516 657 578 sulcus
676 534 769 597 aqua.

95 609 140 673 At
153 610 223 672 ciam
238 623 365 672 maturas
379 611 447 673 fisso
460 633 537 674 nova
550 612 659 676 cortice
673 612 762 673 rimas
783 635 784 639 ¹
901 692 914 701 ..

138 704 212 768 Nux
227 708 304 788 agit3
326 708 364 769 ad
378 721 476 791 partes
491 710 602 792 pertica
616 729 693 770 saeva
708 708 799 770 venit.

95 801 215 865 Pertica
229 803 280 865 dat
294 804 388 887 plenis
404 805 527 866 immitia
542 805 665 866 vulnera
678 804 784 880 ramis3
851 793 856 799 ’
875 850 880 860 ,

139 897 188 960 Ne
203 900 315 983 possim
329 900 460 983 lapidum
476 901 599 962 verbera
612 899 676 961 sala
690 899 784 982 queri.

96 994 194 1057 Poma
207 995 325 1073 cadunt,
340 996 448 1058 mensis
462 1018 521 1060 non
536 997 689 1058 interdicta
704 994 860 1072 secundis3

140 1090 182 1153 Et
195 1092 297 1154 condis
311 1093 415 1170 lectas,
429 1114 519 1176 parca
536 1095 652 1169 colona,
667 1112 770 1154 nuces.

96 1185 197 1263 Felix,
212 1200 326 1251 secreto
341 1210 405 1272 quae
420 1202 488 1251 nata
504 1203 549 1252 est
562 1190 647 1252 arbor
660 1189 690 1251 in
705 1200 793 1267 arv05
895 1264 898 1270 ¹

140 1282 182 1345 Et
196 1285 249 1346 soli
264 1284 383 1348 domino
397 1285 472 1349 ferre
487 1287 595 1349 tributa
610 1286 727 1368 potest!
1027 1289 1072 1352 '10

96 1377 167 1441 Non
183 1381 336 1442 hominum
350 1384 488 1463 strepitus
503 1383 595 1458 audit,
609 1403 669 1444 non
683 1383 733 1445 illa
752 1394 898 1446 rotarum:

132 1475 209 1540 ‘Non
224 1499 242 1538 a
257 1476 354 1539 vicina
367 1477 571 1558 pulverulenta
587 1477 635 1537 via
649 1490 704 1538 est.
837 1554 839 1558 Ι

96 1570 152 1634 Illa
166 1593 231 1648 sua,
248 1592 430 1654 quaecunque
445 1572 522 1648 tulit,
537 1571 606 1632 dare
622 1571 829 1649 donecdone,

137 1668 182 1730 Et
196 1669 300 1751 plenos
315 1666 424 1730 fructus
438 1668 630 1731 adnumerans
645 1680 753 1752 potest.
968 1726 973 1731 .

96 1765 227 1829 mmihi
241 1777 370 1828 maturos
384 1787 533 1849 nunquam
549 1765 619 1827 licet
633 1765 722 1828 edere
737 1763 845 1842 foetus3
1028 1769 1071 1831 75

107 1884 109 1887 ’
141 1862 223 1923 Ante
238 1861 378 1944 diemque
392 1882 465 1924 meae
482 1861 669 1924 decutiuntur
687 1882 771 1945 opes.

98 1957 225 2020 Lamina
238 1957 334 2018 mollis
348 1957 445 2030 adhuc
457 1970 562 2019 tenero
577 1958 648 2019 dum
662 1958 749 2035 laete,
765 1958 845 2040 quod
859 1957 935 2021 iatri)
949 1970 994 2021 est
1002 1974 1014 2035 ;‘

141 2052 214 2127 Nee>
223 2053 300 2115 mala
316 2067 384 2115 sunt
397 2054 450 2116 alli
463 2067 563 2116 nostra
576 2053 673 2117 futura
687 2054 783 2117 bono:
982 2044 985 2049 ’

97 2148 169 2210 Jam
184 2161 283 2211 tamen
298 2149 440 2227 invenias,
457 2151 507 2234 qui
522 2172 571 2214 me
581 2149 759 2233 jaculentur,
775 2163 806 2214 et
819 2149 881 2212 ictu

141 2244 344 2308 Praesestinato
357 2268 465 2308 munus
480 2247 568 2310 inane
583 2261 697 2330 petant.
1029 2247 1072 2311 80

100 2340 133 2403 Si
147 2341 197 2402 fiat
211 2348 300 2423 rapti,
314 2342 364 2402 fiat
378 2362 514 2402 mensura
527 2343 631 2418 relicti,

142 2435 290 2519 Majorem
305 2436 415 2497 domini
428 2449 522 2518 parte,
538 2437 640 2513 viator,
656 2437 756 2500 habes.

100 2532 187 2615 Saepe
202 2532 316 2616 aliquiS,
331 2530 405 2594 soliis
419 2545 453 2593 ut
466 2532 545 2595 nuda
559 2532 714 2601 eacumina
729 2532 812 2610 vidit,

143 2628 219 2691 Esse
236 2641 321 2710 putat
335 2627 442 2692 Borea
457 2628 537 2691 triste
552 2628 673 2691 furentis
687 2649 774 2712 opus.

101 2723 233 2786 AEstibus
248 2724 306 2800 hic,
321 2724 370 2786 hie
384 2745 433 2786 me
447 2724 601 2808 spoliatam
615 2724 720 2806 frigore
734 2721 844 2788 eredit:
1010 2740 1012 2744 '
1030 2727 1074 2791 85

147 2818 346 2903 Estquoque,
362 2820 412 2903 qui
425 2821 536 2882 crimen
550 2821 697 2901 grandinis
711 2833 775 2881 esse
790 2833 885 2902 putet.

101 2915 145 2977 At
158 2916 230 2977 mihi
245 2935 301 2977 nec
316 2915 438 2996 grand0,
453 2915 530 2976 duris
545 2916 638 2976 invisa
651 2915 774 2990 colonis,

144 3011 211 3074 Nec
226 3025 331 3073 ventus
345 3009 451 3085 fraudi,
465 3011 559 3086 solve,
576 3010 683 3090 geluve
698 3008 761 3072 tuit.

102 3107 231 3169 Fructus
245 3108 345 3169 obest:
368 3106 519 3189 peperisse
533 3118 637 3169 nocet:
661 3119 748 3168 nocet
763 3127 828 3168 asse
843 3105 988 3172 feracem:

146 3202 283 3286 Quaeque
299 3202 351 3263 fuit
366 3203 475 3279 multis,
491 3218 521 3267 et
534 3203 607 3265 mihi
621 3203 719 3285 prada
732 3204 811 3267 malo
827 3217 883 3267 est.
1033 3207 1076 3268 90

103 3298 209 3361 Praeda
222 3299 311 3374 malo,
326 3299 486 3380 Polydore,
503 3298 556 3360 suit
569 3299 639 3361 tibi:
662 3300 762 3382 prada
775 3300 908 3364 nefandae

146 3393 290 3477 Conjugis
307 3393 438 3455 Aonium
452 3394 530 3455 misit
543 3395 573 3455 in
588 3416 668 3457 anna
683 3395 791 3456 virum'

104 3489 244 3573 Hesperii
259 3490 337 3571 regis
351 3490 483 3571 pomaria
497 3502 560 3554 tuta
574 3489 712 3554 luissent:
861 3546 893 3585 3„

147 3585 219 3652 Una
232 3585 285 3649 sed
299 3586 457 3651 inmensas
472 3586 557 3651 arbor
569 3586 697 3650 habebat
712 3605 795 3672 opes.
