2348 4102
104 361 168 427 158
498 323 691 417 nrnornirs.

104 516 173 580 Non
188 535 245 598 ego
258 535 324 576 sum
339 515 422 590 tanti,
440 513 588 600 (quamvis
601 512 750 588 merearis,
766 509 893 598 inique)

144 611 189 676 Ut
203 632 319 694 pereas,
334 611 405 672 dum
419 630 468 671 me
484 629 538 692 per
552 608 626 670 sreta
641 609 729 688 longa
743 607 829 689 fugis.

102 707 236 770 Exerces
245 707 380 789 pretiosq
393 705 471 782 odia,
486 718 517 767 et
531 704 694 766 constantia
709 724 835 784 magn03

144 804 188 880 Si,
204 804 274 865 durn
289 824 338 864 me
353 823 464 878 careas,
480 815 524 863 est
539 801 591 864 tibi
606 800 664 862 vile
678 800 763 862 mori.

101 898 170 961 Jam
187 899 267 961 venti
281 912 392 981 ponent
401 919 410 975 3
431 897 580 980 stratisque
596 896 745 978 equaliter
758 893 850 966 unda,

143 996 287 1061 Caeruleis
301 994 406 1058 Triton
422 1016 476 1077 per
489 1014 570 1055 mare
584 1005 681 1055 curret
695 993 790 1075 equis.

101 1088 151 1154 Tu
168 1113 285 1175 quoque
299 1112 369 1154 cum
385 1091 479 1152 ventis
494 1090 607 1151 utinam
621 1088 769 1149 mutabilis
784 1086 882 1149 esses!

143 1187 196 1263 Et,
211 1188 265 1249 nisi
281 1186 387 1249 duritia
401 1188 505 1249 robora
520 1185 622 1260 vincis,
640 1185 707 1245 eris.

100 1279 206 1355 Quid?
228 1284 252 1344 si
266 1283 415 1357 nescieris,
430 1282 532 1342 insana
547 1280 617 1362 quid
633 1300 749 1362 aequora
764 1278 898 1361 possint?

142 1374 285 1458 Experto
300 1378 386 1439 toties
394 1376 491 1460 quarn
504 1375 582 1438 male
598 1375 694 1437 credis
709 1377 814 1457 aque?

99 1469 144 1534 Ut
159 1472 265 1553 pelago
279 1471 421 1533 suadente
436 1470 525 1532 etiarn
539 1469 701 1532 retinacula
714 1470 822 1545 solves,

142 1566 242 1629 Multa
255 1581 354 1630 tamen
368 1567 444 1629 latus
459 1566 551 1628 tristia
565 1580 672 1649 pontus
687 1565 788 1627 habet.

99 1661 168 1724 Nec
184 1663 308 1726 violdsse
322 1664 411 1726 fidem
426 1664 606 1727 tentantibus
621 1682 737 1745 aequora
751 1660 882 1745 prodest.

142 1757 277 1821 Perfidiae
292 1780 396 1841 poenas
411 1759 504 1839 exigit
518 1760 567 1820 ille
582 1758 675 1819 locus.

99 1852 254 1937 Praecipue
268 1854 338 1917 cirm
351 1855 436 1916 laesus
452 1854 563 1916 Amor:
588 1853 656 1936 quia
670 1865 764 1915 mater
779 1853 901 1916 Amoris

143 1949 234 2012 Nuda
248 1949 435 2032 Cytheriacis
450 1950 529 2013 edita
543 1949 634 2013 fertur
648 1950 741 2033 aquis.

99 2045 221 2109 Perdita
233 2067 272 2108 ne
288 2046 410 2129 perdam
425 2048 526 2122 timeo,
542 2067 707 2109 noceamve
722 2046 858 2138 nocenti;

141 2133 211 2204 Neu
225 2143 306 2203 bibat
320 2163 468 2224 equoreas
483 2142 639 2222 naufragus
653 2143 745 2205 hostis
760 2164 861 2225 aquas.

99 2234 189 2313 Vive,
204 2258 324 2318 precor:
347 2237 389 2298 sic
404 2236 565 2314 terneliirs,
581 2239 671 2321 quam
685 2238 798 2316 sunere,
813 2239 947 2324 perdam.

139 2331 189 2393 Tu
205 2332 302 2415 potins
316 2333 366 2394 leti
381 2353 470 2394 causa
485 2333 578 2395 ferare
595 2335 666 2396 mei.

8 2485 10 2488 a
97 2423 204 2510 Finge,
217 2448 283 2511 age,
298 2441 329 2491 te
343 2429 446 2512 rapido
462 2427 591 2515 (nullum
605 2431 642 2492 sit
656 2431 686 2492 in
701 2431 799 2511 omine
814 2429 945 2518 pondus)

140 2523 272 2587 Turbine
288 2524 447 2608 deprendi:
471 2527 541 2608 quid
555 2527 607 2588 tibi
622 2527 727 2589 mentis
742 2528 818 2590 erit?

97 2619 235 2682 Protinus
250 2635 404 2682 occurrent
419 2620 497 2682 salsae
511 2621 640 2705 perjuria
653 2623 769 2704 linguae,

140 2714 182 2777 Et
195 2713 328 2797 Phrygia
343 2715 426 2777 Dido
441 2716 542 2778 fraude
558 2731 661 2779 coacta
675 2721 759 2781 mori.

96 2810 242 2895 Conjugis
257 2824 325 2874 ante
340 2813 441 2876 oculos
456 2813 589 2896 decepte
603 2814 691 2876 stabit
705 2815 803 2896 imago

138 2908 255 2984 Tristis,
271 2921 302 2970 et
316 2909 415 2972 effusis
431 2911 652 2993 sanguinolenta
665 2913 768 2975 cornis.

96 3003 269 3087 ‘Quicquid
283 3004 313 3066 id
328 3019 383 3083 est,
398 3020 493 3068 totum
508 3009 613 3085 merui,
627 3003 803 3086 concedite,’
820 3009 916 3072 dicas:

138 3098 277 3183 Quaque
292 3101 411 3177 cadent,
426 3104 455 3164 in
470 3117 501 3164 te
517 3103 637 3167 fulmina
654 3107 741 3169 missa
755 3119 852 3189 putes.

95 3192 146 3257 Da
162 3196 251 3257 breve
265 3195 382 3258 saevitia
397 3199 525 3279 spatium
540 3202 696 3284 pelagique
712 3216 846 3286 tueque:

138 3289 260 3352 Grande
275 3311 363 3353 morae
378 3292 505 3374 pretium
521 3306 584 3355 tuta
599 3294 696 3358 futura
710 3298 757 3359 via
772 3311 827 3360 est.

95 3384 162 3447 Nec
177 3387 249 3449 mihi
263 3401 399 3470 parcatur
407 3409 416 3465 ;
438 3410 530 3472 puero
545 3407 681 3473 parcatur
695 3393 771 3455 luto.

137 3481 186 3544 Te
201 3484 270 3546 satis
285 3499 329 3548 est
344 3485 461 3549 titulum
474 3489 575 3551 mortis
589 3491 698 3553 habere
712 3511 797 3554 mee.

1035 595 1071 672 do
