2348 4102
490 342 597 391 LIBER
620 339 655 391 ῙῙ.

10 495 13 499 ’
79 494 251 582 (Presserat
265 513 315 555 ora
329 488 445 574 vapor,)
464 495 572 550 ‘tostos
587 509 625 549 en
640 487 760 570 adspice
774 486 878 562 crines,

78 593 175 676 lnque
190 590 282 652 oculis
296 600 420 662 tantum,
434 598 548 651 tantum
562 605 651 665 super
664 603 716 645 ora
729 582 843 644 saville.

79 688 186 751 Hosne
201 685 273 746 mihi
288 683 407 758 fructus,
422 683 502 743 hunc
517 681 669 742 fertilitatis
685 681 826 741 honorem

80 783 241 864 Officiique
256 778 363 854 resers3
387 778 465 860 qudd
481 777 588 838 adunci
603 777 724 837 vulnera
739 776 835 851 aratri,
992 777 1056 839 285

80 876 316 958 Rastrorumque
332 873 404 949 seru,
419 887 541 953 totoque
556 891 698 933 exerceor
712 874 829 957 anno}
866 928 871 935 .

82 973 178 1047 Qubd
193 972 292 1054 pecori
306 969 434 1043 frondes,
450 969 646 1048 alimentaque
661 966 754 1042 mitia,
769 954 883 1048 frugi&

83 1068 224 1131 Humano
237 1067 347 1148 generi,
361 1065 441 1127 vobis
456 1063 535 1146 qudd
550 1066 635 1124 thura
649 1063 801 1124 ministro?

83 1166 145 1226 Sed
160 1177 260 1225 tamen
275 1162 398 1224 exitium
413 1161 458 1222 fac
473 1181 522 1221 me
536 1160 694 1220 meruisse:
719 1158 788 1240 quid
803 1159 898 1236 unda,

83 1258 168 1330 Quid
182 1259 289 1319 meruit
303 1256 409 1318 frater?
453 1255 518 1338 (ξαν
531 1256 571 1316 illi
586 1256 691 1317 tradita
706 1268 783 1316 sorte
993 1256 1057 1318 290

83 1340 219 1438 AEquora
233 1355 415 1428 decresctmt,
431 1341 512 1414 et‘ab
528 1352 634 1413 aethere
649 1351 764 1432 longiis
779 1351 905 1413 absunt?

84 1450 179 1523 Quod
193 1451 218 1511 si
231 1472 287 1511 nec
303 1448 406 1525 fratris,
420 1471 477 1510 nec
491 1461 521 1508 te
536 1469 604 1509 mea
617 1447 709 1528 gratia
723 1448 833 1527 tangit3
900 1436 904 1443 ¹

84 1549 128 1608 At
143 1546 213 1609 coeli
226 1546 366 1607 miserere
380 1545 432 1604 tui.
478 1542 683 1623 Circumspice
697 1556 872 1624 utrumqu03

85 1641 194 1704 Fumat
208 1655 336 1721 uterque
350 1640 451 1720 polus:
476 1658 548 1718 quos
562 1637 586 1697 si
602 1637 747 1697 vitiaverit
761 1637 846 1718 ignis,

85 1738 170 1800 Atria
184 1749 281 1799 vestra
296 1747 392 1796 ruent.
437 1733 522 1794 Atlas
537 1754 573 1793 en
589 1733 652 1814 ipse
667 1733 794 1794 laborat:
995 1734 1058 1796 295

86 1832 209 1915 Vixque
223 1833 282 1893 suis
296 1830 424 1892 humeris
437 1830 614 1891 candentem
627 1829 750 1891 sustinet
763 1851 862 1891 axem.

85 1928 118 1990 Si
133 1927 218 2004 freta,
232 1928 256 1988 si
271 1940 353 1988 terrae
368 1939 503 2007 pereunt,
519 1926 542 1984 si
557 1925 638 2004 regia
651 1925 738 1999 coeli;

84 2023 120 2085 ln
134 2024 225 2086 chaos
241 2022 392 2104 antiquum
406 2020 621 2082 confundimur.
666 2019 758 2101 Eripe
772 2020 909 2096 flmnmis,

85 2121 118 2181 Si
134 2118 206 2201 quid
220 2118 315 2180 adhuc
330 2131 479 2201 superest:
502 2130 532 2178 et
547 2136 644 2177 rerum
658 2116 779 2178 consule
793 2116 938 2179 summa!

85 2215 214 2276 Dixerat
228 2215 290 2276 hec
304 2212 426 2275 Tellus:
450 2213 641 2295 nequeenim
657 2213 780 2274 tolerare
798 2233 938 2295 vaporem
995 2215 1058 2274 300

85 2310 216 2372 Ulterius
232 2311 336 2392 potuit,
351 2330 407 2370 nec
422 2310 520 2369 dicere
535 2310 635 2390 plura:
658 2330 802 2391 suumque

86 2406 201 2469 Retulit
215 2428 248 2468 os
264 2406 293 2466 in
308 2427 351 2479 se,
366 2405 559 2485 propioraque
574 2406 707 2465 manibus
723 2418 814 2465 antra.

128 2504 171 2565 At
186 2515 271 2584 pater
285 2498 470 2581 omnipotens
486 2518 607 2578 superos
621 2512 753 2573 testatus,
769 2511 799 2559 et
812 2499 921 2580 ipsum,
1014 2530 1018 2537 ·

86 2599 149 2671 Qui
164 2597 286 2659 dederat
299 2615 410 2670 currus,
425 2594 480 2656 nisi
494 2615 584 2677 opem
599 2592 680 2670 ferat,
696 2594 794 2656 omnia
808 2593 877 2657 sato.

86 2694 241 2756 luteritura
256 2692 357 2773 gravi,
379 2713 524 2752 summam
539 2691 615 2774 petit
627 2691 733 2754 arduus
749 2713 866 2770 arcem}
996 2695 1059 2758 305

87 2790 176 2852 Unde
191 2791 265 2851 solet
281 2788 345 2850 latis
360 2789 453 2849 nubes
468 2789 606 2851 inducere
621 2789 717 2851 terris:

87 2886 176 2948 Unde
191 2885 291 2949 movet
306 2885 438 2962 tonitrus,
454 2886 623 2968 vibrataque
639 2885 761 2945 fulmina
771 2884 874 2966 jactat.

87 2982 150 3044 Sed
165 3004 273 3064 neque,
290 3004 361 3065 quas
377 2996 476 3064 posset
491 2984 573 3043 terris
587 2981 739 3054 inducere,
753 2979 847 3040 nubes

86 3078 177 3140 Tune
193 3079 311 3140 habuit:
335 3099 402 3153 nec,
419 3099 491 3158 quos
506 3078 583 3138 ooelo
600 3076 768 3153 dimitteret,
784 3075 901 3140 imbres.

86 3174 221 3263 Intonat:
244 3187 275 3237 et
290 3174 396 3237 dextri
409 3174 546 3236 libratum
561 3173 672 3236 fulmen
687 3174 724 3236 ab
739 3195 808 3236 aure
996 3176 1060 3241 810

87 3270 170 3333 Misit
184 3272 214 3333 in
230 3273 377 3353 aurigam:
400 3274 567 3355 pariterque
583 3272 739 3355 animique
753 3272 882 3357 rotisque

86 3367 225 3450 Expulit,
241 3380 271 3430 et
285 3369 368 3431 savis
382 3369 564 3452 compescuit
579 3369 694 3450 ignibus
710 3369 804 3451 ignes.

87 3463 323 3531 Consternantur
335 3466 421 3549 equi:
445 3479 477 3528 et
490 3465 565 3527 saltu
579 3465 765 3528 incontraria
778 3463 857 3527 sacto
