2348 4102
152 381 214 446 tes
458 343 835 444 unuanonenosnon.·

149 536 230 601 Cion
245 558 359 601 memor
373 540 425 600 has
440 540 526 622 pinus
541 538 621 603 Ideo
636 541 746 608 vertice
760 561 851 603 caesas

148 632 257 696 Sancta
272 635 362 696 desim
377 637 513 716 genitrix,
529 636 679 698 tinnitibus
694 640 764 698 adra
778 637 854 719 pulsi

147 727 239 806 AEris,
254 743 285 791 et
299 731 390 793 inflati
404 733 566 814 complevit
581 753 731 794 murmure
746 733 829 794 buxi.

146 823 268 909 Perque
283 828 366 889 leves
380 829 497 891 domitis
511 828 629 891 invecta
642 827 777 890 leonibus
793 848 888 905 auras,
1081 836 1123 896 30

148 918 249 982 ‘hrita
264 922 406 1003 sacrilegi
416 921 512 1005 jactas
527 922 662 985 incendia
677 919 792 998 dextre,
910 910 913 915 ¹
1098 915 1102 922 ⁴

146 1013 272 1094 Tumess
289 1018 338 1080 sit.
385 1017 555 1100 ‘Eripiam3
578 1039 645 1093 nec,
661 1039 709 1079 me
725 1019 867 1100 patiente,
882 1022 1026 1084 cremabit

146 1111 226 1194 lgnis
241 1115 319 1177 edax
334 1135 488 1177 nemorum
503 1128 601 1198 partes
616 1127 646 1176 et
660 1114 793 1176 membra
807 1115 963 1178 meorum?

146 1207 276 1271 intonuit
292 1211 408 1272 dicente
423 1210 497 1272 deit:
520 1211 718 1292 tonitrumque
733 1211 826 1272 secuti

77 1386 87 1400 ⁸
146 1307 227 1370 Cum
244 1310 365 1370 saliente
381 1330 486 1390 graves
498 1308 668 1370 ceciderunt
682 1309 823 1390 grandine
837 1310 946 1373 nimbi:
976 1307 979 1313 ’
1080 1302 1120 1376 35

144 1403 296 1488 Aeraque,
312 1419 341 1466 et
356 1406 457 1467 subitis
471 1405 618 1467 tumidum
632 1406 820 1468 concursibus
836 1428 937 1491 equor

145 1500 252 1563 Astraei
267 1503 393 1578 turbant,
409 1514 440 1564 et
455 1514 527 1564 eunt
541 1502 572 1564 in
588 1501 702 1584 proelis,
718 1502 831 1565 batres.

145 1595 176 1659 Ε
191 1598 296 1681 quibus
311 1599 389 1660 alma
401 1620 519 1682 parens,
534 1599 620 1660 unius
636 1598 744 1661 viribus
758 1619 822 1676 use,

144 1692 260 1776 Stupea
275 1696 444 1777 praemmpit
458 1694 600 1776 Phrygiae
613 1695 774 1757 retinacula
788 1695 907 1757 classis:

144 1785 277 1872 Fertque
292 1804 369 1852 rates
383 1811 501 1872 pronas,
516 1790 674 1871 medioque
688 1790 743 1852 sub
758 1811 873 1871 aequore
888 1794 1006 1874 mergit.
1079 1797 1119 1857 40

143 1881 266 1948 Robore
281 1887 405 1963 mollito,
419 1887 557 1971 lignoque
571 1886 602 1948 in
616 1906 740 1969 corpora
754 1906 850 1964 verso,

143 1979 179 2043 ln
195 1984 327 2065 capitum
341 1983 448 2045 faciem
462 2003 580 2066 puppes
593 1995 744 2045 mutentur
758 1984 899 2046 edrmce:

143 2075 178 2141 ln
195 2080 301 2158 digitos
315 2079 435 2154 abeunt,
452 2091 482 2140 et
496 2100 580 2140 crura
595 2081 735 2156 natantis,
749 2081 843 2141 remi:

143 2172 297 2257 Quodque
313 2175 392 2257 priuis
407 2173 511 2249 fuerat,
526 2175 605 2235 letus
616 2188 681 2237 est:
702 2177 866 2259 mediisque
880 2177 980 2240 carina

142 2267 267 2332 Subdita
280 2268 413 2349 navigiis,
429 2268 519 2351 spinae
534 2282 664 2332 mutetur
678 2271 708 2332 in
723 2292 820 2333 usum.
1078 2274 1120 2337 45

87 2407 99 2443 ·:
141 2364 220 2427 Lina
234 2387 326 2428 come
342 2365 457 2443 molles,
472 2378 605 2428 antennae
619 2365 739 2429 brachia
752 2368 835 2429 fiunt.

142 2459 289 2539 cerutus,
302 2476 336 2526 ut
351 2461 455 2539 fuerat,
470 2462 551 2525 color
564 2475 620 2525 est.
665 2462 811 2549 Quasque
826 2463 895 2526 ente
910 2464 1064 2542 timebant,

142 2557 212 2620 Illas
228 2561 365 2639 virgineis
381 2572 523 2621 exercent
537 2560 648 2620 lusibus
663 2561 757 2621 undas

142 2652 257 2715 Naides
273 2673 432 2735 aequoreae:
456 2655 593 2734 durisque
608 2654 637 2715 in
653 2655 800 2716 montibus
815 2668 885 2716 ortae

141 2747 237 2812 Molle
252 2748 358 2810 fretum
373 2749 542 2809 celebrant:
566 2769 687 2810 necess
703 2771 756 2811 sua
769 2752 863 2831 tangit
876 2751 969 2833 origo.
1078 2756 1120 2816 50

142 2843 212 2908 Non
228 2860 328 2908 tamen
343 2845 450 2921 oblite,
467 2844 557 2928 quam
571 2845 664 2906 multe
678 2845 808 2927 pericula
823 2866 903 2909 sevo

141 2940 322 3004 Pertulerint
336 2939 454 3024 pelago,
465 2941 584 3025 jactatis
597 2962 676 3024 sepe
690 2941 795 3003 carinis

141 3036 335 3120 Supposudre
351 3059 472 3099 manus:
496 3039 550 3100 nisi
565 3039 589 3100 si
605 3059 663 3120 qua
678 3039 806 3100 vehebat
820 3039 964 3102 Achivos.

141 3131 245 3196 Cladis
259 3133 357 3194 adhuc
371 3132 510 3214 Phrygiae
525 3155 682 3209 memores,
697 3134 788 3195 odere
804 3135 957 3217 Pelasgos.

184 3228 261 3312 Spes
277 3242 348 3305 erat,
364 3229 392 3290 in
408 3230 556 3312 nymphas
571 3228 698 3292 animati
712 3230 805 3291 classe
820 3232 956 3308 mannas,
1077 3235 1120 3295 55

140 3325 235 3389 Posse
250 3339 332 3387 metu
347 3327 467 3388 monstri
482 3325 630 3386 Rututum
645 3324 784 3387 desistere
798 3327 888 3388 bello.

140 3420 269 3498 Perstat,
285 3423 433 3504 habetque
449 3421 520 3482 deos
535 3440 601 3501 pars
616 3434 757 3504 utreque:
782 3422 892 3505 quique
908 3422 1034 3486 deorum

140 3515 245 3594 Ineter,
260 3517 370 3581 habent
384 3518 506 3580 animos.
551 3515 581 3577 N
583 3536 619 3579 ec
630 3516 694 3603 jam
709 3518 817 3582 dotalia
830 3538 933 3603 regne,
