2348 4102
107 348 168 415 156
502 360 694 415 Hanomcs.

104 505 168 569 Irus
183 525 284 586 egens,
300 504 474 587 pecorisque
489 503 674 570 Melanthius
689 518 770 569 actor
783 504 903 586 edendi,

146 600 278 664 Ultimus
292 600 438 663 accedunt
453 601 481 664 in
497 615 548 664 tua
563 602 670 664 damna
686 602 791 685 pudor.
1040 605 1074 667 00

103 697 180 760 Tres
195 718 296 760 sumus
311 697 445 759 imbelles
459 719 583 761 numero
597 720 605 775 ;
626 700 689 761 sine
704 700 812 762 viribus
825 720 916 778 uxor,

146 794 450 879 Laertesqse't'onex‚
465 793 726 878 Telemachusque
742 816 826 878 puer.

103 890 158 955 Ille
173 912 227 975 per
241 891 362 954 insidiae
373 892 451 975 pene
467 905 513 955 est
526 892 599 956 mihi
613 914 708 975 nuper
722 893 879 977 ademptus
891 914 901 972 ;

146 989 229 1051 Dum
246 1002 339 1072 parat,
354 988 450 1053 invitis
465 990 611 1068 omnibus,
626 990 668 1051 ire
683 988 793 1072 Pylon.

103 1085 148 1149 Di
169 1106 274 1168 precor
288 1086 345 1148 hoc
356 1084 492 1168 jubeant,
507 1099 550 1162 ut,
567 1086 704 1149 euntibus
718 1086 821 1151 ordine
835 1085 914 1167 fatis,

145 1181 200 1244 llle
216 1203 301 1252 meos
314 1183 416 1245 oculoe
430 1183 617 1265 comprimat,
632 1184 681 1245 ille
695 1195 772 1246 tuos.

102 1277 171 1344 Hoc
187 1277 298 1341 faciunt
312 1291 472 1360 custosque
488 1280 589 1353 boum,
605 1279 797 1363 longaevaque
812 1279 933 1343 nutrix:

144 1373 275 1451 Tertius,
290 1374 447 1436 immundae
462 1395 533 1437 cura
546 1374 640 1438 fidelis
656 1375 743 1439 hara.

103 1469 164 1534 Sed
180 1493 278 1554 neque
294 1471 430 1549 Laertes,
445 1484 479 1533 ut
494 1471 544 1554 qui
558 1471 596 1534 sit
611 1472 720 1537 inutilis
735 1473 834 1550 armis,
1014 1547 1024 1558 ,

145 1567 290 1632 Hostibus
305 1568 335 1631 in
349 1567 454 1633 mediis
468 1588 558 1650 regna
572 1581 673 1634 tenero
689 1569 778 1633 valet.
1023 1575 1080 1635 100

101 1663 288 1731 Telemacho
303 1665 403 1729 veniet
421 1663 518 1750 (vivat
532 1663 638 1749 modo)
655 1664 755 1728 sortior
769 1677 856 1730 etas:

144 1759 234 1823 Nunc
250 1775 312 1822 erat
327 1760 442 1822 auxiliis
456 1761 506 1823 illa
520 1761 630 1823 tuenda
644 1761 745 1844 patris.

102 1853 168 1918 Nec
182 1857 255 1918 mihi
270 1869 338 1923 sunt
353 1856 428 1922 vires
443 1857 576 1921 minione
591 1856 701 1940 pellere
717 1858 813 1921 tectis.

143 1951 193 2014 Tu
209 1953 294 2015 citius
310 1955 421 2030 venias,
436 1967 538 2037 portus
554 1967 584 2017 et
599 1955 731 2017 uacuis.

100 2047 158 2110 Est
173 2049 235 2124 tibi,
250 2051 357 2132 sitque,
373 2071 488 2132 precor,
503 2063 601 2127 natus,
617 2050 668 2134 qui
682 2050 819 2114 mollibus
832 2052 916 2116 annis
1022 2055 1082 2119 105

142 2144 178 2205 In
193 2147 301 2227 patrias
316 2159 392 2206 artes
408 2146 586 2221 erudiendus
601 2159 675 2209 erat.
691 2138 697 2148 ’

100 2237 232 2322 Respice
248 2240 395 2302 Laerten:
420 2253 453 2305 ut
463 2240 526 2323 jam
541 2262 595 2305 sua
609 2241 720 2306 lumina
734 2242 857 2333 condas²

142 2335 321 2398 Extremum
337 2335 387 2399 sati
401 2336 525 2400 sustinet
539 2338 588 2400 ille
603 2338 693 2403 diem.

99 2430 192 2495 Certe
208 2453 274 2516 ego,
290 2455 356 2518 que
371 2432 494 2511 luerem,
509 2448 540 2498 te
555 2435 737 2511 discedente,
752 2435 863 2519 puella,

141 2530 279 2594 Protinus
295 2533 456 2608 utredeae,
471 2531 549 2596 facta
562 2532 686 2595 videbor
700 2543 783 2598 anus.
1019 2537 1082 2599 110

427 2745 648 2812 EPISTOLA
671 2750 744 2812 VII.

479 2882 561 2960 nino
583 2918 694 2960 anan.
785 2903 788 2909 '

97 3026 176 3104 SIC,
192 3029 242 3090 ubi
258 3028 317 3090 fata
331 3044 449 3105 voeant,
464 3029 529 3092 udis
544 3031 676 3115 abjectus
691 3031 721 3092 in
737 3031 845 3110 herbis,
859 3071 861 3075 ·
953 3020 955 3024 ⁷

138 3123 190 3184 Ad
206 3125 280 3184 vada
295 3123 439 3187 Maeandri
454 3127 584 3188 concinit
598 3128 681 3189 albus
698 3129 771 3190 olor.

96 3219 173 3295 Nec,
189 3220 301 3302 quiete
316 3219 416 3280 nostrai
428 3241 548 3303 sperem
563 3243 652 3304 prece
668 3245 755 3305 posse
770 3228 895 3305 moveri,

137 3317 300 3400 Alloquor:
324 3317 450 3379 adverso
464 3318 610 3380 movimus
625 3320 680 3382 ista
694 3321 761 3383 deo.

94 3411 204 3476 Certus
220 3434 252 3476 es
267 3415 309 3476 ire
324 3428 435 3491 tamen,
450 3414 647 3500 miseramque
661 3418 828 3502 relinquere
842 3419 943 3486 Dido:
1054 3427 1077 3488 5

137 3509 239 3592 Atque
254 3511 333 3573 idem
349 3512 430 3574 venti
444 3511 511 3575 vela
525 3511 675 3597 fidemque
690 3515 796 3579 ferent.
857 3587 861 3593 ,
