2348 4102
124 310 193 426 172'
553 338 670 425 'susm

163 523 305 604 Surgunt.
350 521 401 584 Ex
416 523 471 585 illis
486 521 578 585 altera
592 522 686 607 major
700 524 792 587 eratt’

119 618 162 683 Et
176 619 313 702 gravibus
328 620 416 682 ramis
431 633 525 682 totum
541 632 712 703 protexerat
731 620 845 696 orbem,

27 712 30 717 ’
162 716 397 801 Contigeratque
411 716 491 780 nova
505 716 600 779 sidera
614 738 731 778 summa
745 715 844 779 coma.

119 811 203 877 Ecce
217 835 302 877 meus
318 813 427 877 serrum
443 827 564 897 patruus
578 814 698 875 molitur
712 813 742 876 iu
757 813 832 876 illas.

161 910 292 974 Terreor
307 912 469 989 admonitu,
484 932 594 995 corque
610 911 714 973 timore
729 910 829 973 micat.

118 1004 229 1070 Martia
242 1006 334 1072 Picus
349 1009 411 1070 avis
426 1009 544 1090 gemino
559 1029 614 1090 pro
628 1007 728 1089 stipite
744 1020 888 1090 pugnant,

161 1104 204 1166 Et
218 1105 327 1188 Lupa:
350 1119 414 1167 tuta
427 1125 482 1188 per
495 1105 550 1166 hos
565 1118 689 1188 utraque
703 1105 804 1187 palma
818 1103 894 1166 suit.’

119 1199 264 1263 Dixerat:
288 1214 319 1262 et
334 1201 454 1284 plenam
468 1222 528 1263 non
543 1202 632 1263 firmis
648 1201 757 1263 viribus
772 1222 877 1264 umam

161 1296 297 1359 Sustulit.
342 1295 495 1378 Impldrat‚
512 1296 583 1357 dum
598 1317 652 1357 sua
667 1298 730 1358 visa
743 1297 842 1360 refert.

118 1391 236 1454 Interea
249 1404 402 1454 crescente
418 1391 531 1469 Remo,
545 1406 700 1455 crescente
716 1391 855 1472 Quirino,

160 1488 300 1551 Pondere
314 1489 429 1552 coelesti
444 1488 537 1551 Silvia
549 1503 645 1552 mater
659 1503 731 1551 erat.
763 1478 767 1483 ¹

20 1674 22 1678 μ
118 1584 194 1650 Hoc
209 1588 260 1650 ubi
274 1586 413 1669 coguovit
428 1600 616 1669 contemptor
631 1585 771 1648 Amulius
786 1586 874 1668 aequi,

163 1683 259 1769 (Nam
273 1699 371 1767 raptas
384 1683 464 1747 fratri
479 1685 573 1747 victor
587 1683 716 1746 habebat
729 1680 820 1767 opes)

118 1780 237 1844 Auserri
248 1781 336 1865 jussit
351 1803 468 1864 parvos,
483 1795 515 1843 et
529 1782 559 1843 in
574 1802 662 1842 amne
678 1781 787 1842 necari.

161 1874 246 1952 Quid
262 1877 354 1940 facis?
377 1878 493 1940 existis
509 1877 659 1940 Romulus
674 1877 748 1938 alter
762 1877 828 1939 erit.

117 1973 138 2036 J
140 1995 207 2038 ussa
220 1989 390 2039 recusantes
406 1987 551 2058 peragunt
565 1974 732 2057 lacrymosa
744 1973 885 2036 ministri:

161 2070 253 2134 Fient
268 2086 380 2148 tamen,
396 2085 427 2133 et
442 2072 575 2152 geminos
591 2072 621 2132 iu
636 2072 703 2132 loca
713 2071 796 2154 jussa
810 2069 918 2134 sonant.

118 2167 241 2243 Albula,
258 2187 347 2249 quern
361 2165 485 2227 Tiberin
501 2187 615 2228 mersus
630 2166 791 2228 Tiberinus
805 2167 835 2230 iu
849 2165 931 2230 unda

56 2270 59 2275 ’
161 2262 326 2339 Reddidit3
349 2262 478 2324 hibernis
492 2260 567 2324 sorte
583 2263 717 2324 tumebat
731 2264 825 2347 aquis.

118 2359 190 2423 Huc
206 2360 256 2422 ubi
272 2371 429 2435 venerunt,
446 2379 502 2421 neo
513 2357 577 2444 jam
593 2359 756 2442 procedere
771 2372 894 2443 possunt

160 2456 296 2539 Longius
309 2478 317 2533 3
342 2477 382 2518 ex
396 2456 454 2519 illis
469 2477 556 2534 unus,
573 2477 610 2518 an
625 2458 710 2533 alter,
725 2457 785 2532 ait:

119 2554 181 2616 ‘At
197 2556 287 2638 quam
301 2568 370 2616 sunt
384 2554 514 2615 similes!
539 2568 569 2615 at
584 2555 673 2636 quim
688 2554 832 2616 formosus
845 2553 991 2638 uterque!

161 2649 235 2712 Plus
251 2660 350 2710 tamen
366 2669 404 2708 ex
421 2650 476 2710 illis
491 2650 546 2710 iste
562 2650 668 2729 vigoris
684 2651 785 2714 habet.

119 2745 150 2809 Si
166 2766 261 2827 genus
277 2744 406 2826 arguitur
420 2745 522 2820 vultu3
547 2743 593 2829 (ni
607 2745 679 2807 fallit
694 2745 807 2832 imago)

161 2841 274 2906 Nescio
291 2863 380 2927 quem
396 2841 479 2904 vobis
494 2841 628 2925 suspicor
642 2863 707 2906 esse
723 2843 824 2906 deum.

118 2946 164 3008 At
179 2949 203 3008 si
218 2948 283 3028 quis
299 2959 402 3008 vestrae
419 2945 492 3007 deus
508 2959 587 3007 esset
601 2945 719 3026 originis
735 2959 856 3023 auetor;

163 3042 198 3103 ln
213 3056 274 3104 tam
289 3042 432 3125 precipiti
447 3054 582 3123 tempore
597 3041 685 3104 serret
700 3063 801 3126 opem.

119 3137 226 3201 Ferret
241 3159 331 3220 opem
346 3137 438 3212 cert'e,
454 3137 478 3198 si
493 3159 551 3199 nou
566 3159 624 3220 ope
640 3151 734 3200 mater
749 3150 867 3220 egeret:

164 3233 243 3308 Quae
258 3234 335 3296 facta
349 3245 394 3295 est
409 3255 469 3294 uno
484 3248 579 3316 mater
593 3246 622 3294 et
638 3235 711 3296 orba
725 3235 785 3296 die.

120 3330 201 3394 Nata
215 3331 312 3407 simul,
328 3332 456 3414 peritura
470 3331 567 3404 simul,
583 3330 669 3392 simul
684 3331 725 3393 ite
739 3332 793 3394 sub
808 3329 903 3394 undas

164 3427 322 3510 Corpora!
368 3427 525 3502 Desierat3
548 3426 744 3510 deposuitque
759 3428 835 3489 sinu.

121 3522 287 3613 Vagierunt
301 3526 429 3588 clamore
445 3523 524 3609 pari:
549 3525 656 3590 sentire
670 3539 801 3611 putares.
