2348 4102
478 311 585 364 LIBER
607 313 678 364 XIV.

74 457 76 463 ’
141 455 300 522 Proximus
315 460 462 523 Ausonias
477 461 575 546 injusti
589 462 673 523 miles
687 460 791 523 Amuli
862 449 866 455 ²

97 552 194 618 Rexit
208 577 298 638 opes:
322 555 518 640 Numitorque
533 578 627 618 senex
642 558 747 618 amissa
761 569 904 639 nepotum

97 650 227 713 Munere
242 673 331 733 regna
345 653 440 734 capit:
464 653 604 735 festisque
620 653 763 715 Palilibus
778 653 856 715 urbis

97 745 215 809 Moenia
229 748 404 809 conduntur.
449 748 614 831 Tatiusque
629 762 785 832 patresque
800 748 902 812 Sabini

97 841 187 905 Bella
201 858 322 924 gerunt:
346 845 479 927 arcisque
494 844 543 906 via
556 844 687 926 Tarpeia
702 844 819 907 reclusis
901 830 906 837 -

98 938 201 1021 Digni
215 941 343 1002 animam
358 941 449 1022 poend
462 942 610 1023 congestis
624 942 708 1003 exuit
722 941 820 1002 armis.

98 1034 172 1097 Inde
189 1037 242 1098 sati
257 1035 397 1113 Curibus,
413 1038 569 1100 tacitorum
584 1059 665 1099 more
680 1038 827 1119 luporum,

98 1131 162 1192 Ore
178 1147 316 1213 premunt
331 1155 430 1210 voces,
447 1147 477 1195 et
490 1155 614 1216 corpora
628 1134 705 1195 victa
718 1154 824 1215 sopore

98 1227 256 1304 Invadunt,
272 1232 429 1312 portasque
445 1243 550 1312 petunt
559 1252 567 1307 ;
590 1244 662 1312 quas
676 1229 771 1313 objice
786 1228 872 1291 firmis

98 1323 256 1390 Clauserat
271 1325 387 1388 Iliades.
432 1325 532 1388 Unam
547 1341 646 1389 tamen
661 1327 724 1408 ipsa
738 1325 873 1402 recludit,

98 1419 167 1482 Nec
181 1422 335 1503 strepitum
349 1442 434 1483 verso
449 1423 585 1483 Saturnia
599 1422 814 1484 cardine'fecit.

98 1515 171 1578 Sola
187 1515 291 1577 Venus
307 1530 397 1598 portae
412 1517 554 1579 cecidisse
570 1517 712 1597 repagula
725 1517 833 1577 sensit:

98 1610 142 1674 Et
155 1611 291 1674 clausura
305 1611 375 1673 firit:
399 1612 454 1672 nisi
469 1612 548 1694 qubd
563 1610 730 1672 rescindere
744 1629 896 1692 nunquam

98 1707 157 1769 Dis
171 1708 243 1768 licet
258 1720 324 1768 acta
338 1707 438 1775 defim.
464 1762 466 1765 ,
482 1706 561 1769 Jano
574 1707 640 1769 loca
650 1705 754 1789 juncta
767 1704 909 1767 tenebant

98 1803 130 1866 N
131 1801 214 1866 aidcs
230 1803 381 1879 Ausoniae,
396 1803 494 1884 gelido
508 1803 634 1864 rorantia
648 1801 746 1864 sonte:
775 1886 779 1889 Α

98 1898 165 1961 Has
179 1913 262 1980 rogat
277 1899 429 1960 auxilium.
474 1898 541 1961 Nec
556 1900 701 1980 nymphas
712 1898 792 1981 justa
807 1911 959 1979 petentem

99 1995 272 2058 Sustinuere
289 1996 392 2058 deam:
417 2016 570 2078 venasque-
580 2009 610 2057 et
625 1995 747 2056 flumina
761 1993 848 2056 fontis

99 2089 240 2153 Elicuerc
255 2092 312 2152 sui.
357 2090 499 2154 Nondum
514 2105 614 2154 tamen
629 2092 706 2153 invia
720 2090 789 2153 Jam

99 2187 163 2249 Ora
178 2188 305 2269 patentis
319 2202 412 2266 crant,
426 2210 524 2271 neque
541 2190 597 2251 iter
611 2189 801 2271 praecluserat
814 2188 904 2251 unda.

99 2282 212 2346 Lurida
228 2298 398 2365 supponunt
413 2283 553 2347 houndo
568 2286 677 2347 sulfura
693 2286 776 2363 sonti,

100 2379 327 2462 Incenduntque
342 2368 430 2442 caras
445 2380 576 2442 fumante
592 2381 733 2442 bitumine
748 2402 847 2443 venas.

101 2475 221 2538 Viribus
236 2477 281 2538 his
296 2477 418 2558 aliisque
436 2497 527 2558 vapor
542 2476 707 2558 penetravit
722 2476 758 2538 ad
773 2477 832 2538 ima

100 2571 225 2634 Fontis:
249 2586 279 2635 et
294 2573 406 2655 Alpino
420 2573 510 2634 modb
525 2571 592 2654 quae'
606 2585 718 2634 certare
733 2571 819 2652 rigori

100 2668 268 2730 Audebatis
284 2689 377 2750 aqua,
392 2690 451 2731 non
465 2669 569 2730 ceditis
583 2669 699 2750 ignibus
713 2667 795 2751 ipsis.

101 2763 296 2828 Flammifera
309 2766 418 2846 gemini
433 2764 546 2828 fumant
561 2766 736 2848 adspergine
752 2779 870 2848 postes:

101 2860 263 2945 Portaque,
278 2863 475 2945 nequicquam
490 2863 588 2942 rigidis
603 2863 744 2943 permissa
759 2860 884 2935 Sabinis,

101 2957 199 3021 Fonte
215 2957 269 3020 luit
284 2971 455 3041 praestructa
468 2978 564 3032 nov03
586 2956 658 3017 dum
673 2955 805 3017 Martius·
814 2976 893 3017 arma

101 3054 242 3117 Indueret
256 3055 350 3119 miles.
396 3052 478 3126 Quae
493 3066 649 3135 postquam
664 3052 811 3115 Romulus
825 3051 903 3114 ultro
1018 3054 1079 3116 150

101 3150 237 3228 Obtulit3
261 3165 291 3213 et
305 3163 394 3213 strata
408 3164 452 3212 est
467 3150 554 3212 tellus
569 3148 707 3211 Romana
721 3149 837 3212 Sabinis

102 3247 296 3330 Corporibus,
311 3262 399 3310 strata
413 3261 517 3330 estque
531 3247 608 3324 suis3
631 3248 790 3331 generique
805 3267 940 3310 cruorem

103 3344 254 3426 Sanguine
268 3367 338 3407 cum
352 3345 445 3408 soceri
460 3344 630 3427 permiscuit
644 3344 750 3426 impius
765 3344 859 3405 ensis:

103 3438 186 3504 Pace
200 3455 301 3505 tamen
316 3441 377 3506 sisti
390 3440 513 3517 bellum,
527 3461 584 3502 nec
598 3441 629 3502 in
641 3441 745 3504 ultima
759 3438 835 3501 ferro
