2348 4102
142 372 204 435 168
531 345 724 430 assumus.

136 525 180 588 Ut
195 526 280 588 rediit
295 544 419 601 animus,
434 526 543 607 pariter
556 525 671 587 rediere
686 525 820 599 dolores3

179 620 308 685 Pectora
324 622 471 703 legitimus
485 635 566 684 casta
579 621 738 683 momordit
753 641 844 683 amor.

136 716 204 780 Nec
219 719 292 780 mihi
307 719 470 799 pectendos
485 739 555 778 cura
570 731 615 779 est
631 718 761 799 praebere
776 717 916 799 capillos:

178 812 246 876 Nec
260 814 333 876 libet
348 811 450 877 aurata
463 835 587 896 corpora
603 827 685 875 veste
700 812 772 893 tegi.

136 907 180 973 Ut
195 932 267 993 quas
282 910 444 994 pampinea
458 911 588 991 tetigisse
602 910 778 989 Bicorniger
791 908 877 972 hastis

179 1005 321 1069 Creditur
330 1029 339 1082 ;
362 1008 420 1069 huc
435 1007 515 1083 illuc,
532 1006 591 1089 qud
607 1005 687 1067 furor
701 1006 771 1086 egit,
787 1026 836 1067 eo.

136 1101 330 1168 Conveniunt
345 1116 454 1165 matres
468 1102 655 1184 Plrylleides,
670 1114 701 1163 et
715 1101 788 1163 mihi
802 1100 943 1180 clamant,

178 1198 292 1260 ‘Indue
307 1199 432 1286 regales,
447 1199 621 1273 Laodamia,
637 1198 739 1259 sinus.'

135 1293 255 1356 Scilicet
269 1295 333 1377 ipsa
347 1314 448 1374 geram
462 1307 604 1355 saturatas
619 1294 730 1354 murice
747 1305 864 1356 vestes:

176 1389 266 1451 Bella
280 1390 335 1451 sub
350 1388 446 1451 Iliacis
460 1389 608 1451 moenibus
623 1389 671 1451 ille
687 1391 791 1469 gerat?

134 1485 203 1549 losa
217 1507 317 1548 comas
331 1500 450 1570 pectar:
475 1485 562 1568 galea
574 1499 665 1568 caput
680 1486 729 1548 ille
744 1488 919 1568 prematur?

177 1581 247 1665 Ipsa
261 1604 352 1645 novas
368 1597 484 1646 vestes:
509 1583 582 1645 dura
599 1582 642 1644 vir
657 1602 737 1644 arma
751 1581 848 1645 serat?

133 1676 209 1751 Qua
223 1700 353 1760 possum,
368 1681 503 1762 squalore
519 1693 584 1741 tuos
600 1679 712 1740 imitata
726 1680 841 1743 labores

176 1775 285 1837 Dicar:
309 1788 340 1837 et
354 1776 418 1838 haec
432 1776 501 1837 belli
516 1789 651 1856 tempora
665 1769 752 1836 tristis
768 1796 866 1856 agam.

133 1869 208 1933 Dux
224 1870 294 1933 Pari
308 1870 469 1947 Priamide,
484 1870 593 1934 damno
609 1870 735 1934 formose
749 1885 878 1950 tuorum,

174 1967 255 2030 Tam
269 1969 308 2030 sis
323 1970 414 2031 hostis
430 1970 518 2045 iners,
534 1968 624 2051 quirin
637 1969 732 2030 malus
747 1968 857 2052 hospes
871 1990 949 2034 eras.

133 2064 197 2127 Aut
212 2079 242 2126 te
256 2065 400 2127 Taenaria
417 2064 524 2128 faeiem
538 2065 676 2146 culpasse
691 2065 812 2142 maritae,

176 2162 239 2223 Aut
253 2162 294 2222 illi
310 2162 418 2222 vellem
434 2161 616 2242 displicuisse
631 2175 723 2223 tuam.

127 2257 194 2334 ⁴Tu,
211 2260 259 2341 qui
275 2279 329 2340 pro
343 2258 429 2341 rapta
443 2259 575 2334 nimium,
591 2259 744 2338 Menelai,
758 2262 883 2340 laboras,

175 2353 236 2416 Hei
251 2355 334 2432 mihi,
350 2355 440 2440 quam
454 2356 553 2419 multis
567 2356 672 2419 flebilis
687 2358 765 2420 ultor
779 2359 853 2422 eris!

132 2450 186 2529 Di,
202 2473 316 2535 precor,
332 2474 350 2516 a
365 2454 449 2516 nobis
464 2476 553 2516 omen
568 2468 720 2518 removete
735 2455 900 2520 sinistrum:

175 2549 216 2610 Et
231 2572 284 2610 sua
299 2550 349 2613 dot
363 2551 465 2632 reduci
480 2552 523 2612 vir
537 2573 622 2612 meus
637 2573 717 2613 anna
731 2539 813 2614 Jovi.
947 2624 951 2630 ¹

132 2644 193 2706 Sed
208 2646 316 2706 timeo:
342 2647 515 2728 quotiesque
531 2647 608 2707 subit
623 2648 788 2711 miserabile
804 2649 926 2728 bellum,

173 2738 261 2801 More
276 2741 362 2817 nivis,
378 2740 526 2822 lacryma,
541 2743 603 2802 sole
619 2743 775 2821 madentis,
790 2759 873 2809 eunt.

132 2836 205 2899 llion
222 2852 251 2900 et
266 2836 418 2914 Tenedos,
434 2837 613 2922 Simoisque,
629 2853 660 2901 et
676 2838 828 2921 Xanthus,
842 2857 874 2913 et
888 2842 953 2922 Ide,

174 2933 303 2997 Nomina
318 2950 386 2999 sunt
400 2937 464 3019 ipso
479 2937 557 3018 pen'e
573 2938 704 2999 timenda
718 2960 800 3001 sono.

131 3029 198 3091 Nec
213 3053 316 3113 rapere
331 3053 464 3110 ausurus,
479 3034 534 3095 nisi
549 3055 581 3095 se
596 3034 757 3098 defendere
772 3049 882 3119 posset,
978 3087 982 3093 .

173 3126 293 3210 Hospes
309 3144 387 3190 erat:
412 3130 488 3191 vires
504 3145 626 3193 noverat
641 3133 690 3194 ille
705 3154 784 3194 suas.

131 3221 263 3285 Venerat
281 3222 328 3310 (ut
343 3223 421 3286 sama
436 3231 496 3311 est)
513 3229 608 3289 multo
622 3230 789 3310 spectabilis
805 3251 886 3307 auro,
939 3250 948 3259 ·

173 3320 296 3404 Quique
312 3344 366 3384 suo
381 3321 527 3405 Phrygias
543 3345 666 3405 corpore
682 3325 769 3389 ferret
784 3349 868 3409 opes.

130 3417 235 3480 Classe
252 3421 379 3502 virisque
395 3434 512 3502 potens,
528 3442 581 3503 per
596 3444 659 3505 quae
676 3423 738 3485 fera
751 3425 830 3486 bella
844 3438 1002 3507 geruntur:

172 3514 214 3577 Et
227 3517 359 3600 sequitur
372 3517 454 3598 regni
468 3537 536 3600 pars
552 3533 759 3604 quotacunque
774 3521 827 3584 sui
