2348 4102
496 380 604 433 LIBER
622 382 656 433 11.
1018 380 1061 440 25

80 530 214 614 Pignora
227 544 308 592 certa
322 531 408 612 petis
454 531 505 592 Do
520 532 643 612 pignora
657 544 737 592 certa
752 531 899 592 timendo:
1020 534 1062 595 90

82 630 125 691 Et
138 629 235 711 patrio
249 640 333 709 pater
347 648 412 688 esse
427 641 509 689 metu
524 629 641 709 probor.
687 627 820 708 Adspice
835 628 932 688 vultus

81 723 167 787 Ecce
182 745 282 785 meos:
306 724 476 805 utinamque
492 724 593 785 oculos
608 725 637 784 in
653 738 773 804 pectora
788 744 890 805 posses

81 818 229 896 inserere,
244 832 274 880 et
289 820 396 900 patrias
411 820 488 880 intus
504 820 687 900 deprendere
701 820 803 881 curas!

82 916 235 999 Denique,
251 915 394 997 quidquid
408 915 498 975 habet
514 915 607 991 dives,
622 916 827 995 circumspice,
841 916 985 976 mundus:

82 1010 172 1094 Eque
186 1024 231 1073 tot
245 1032 279 1072 ac
294 1011 381 1072 tantis
396 1011 476 1086 eoeli,
491 1024 645 1092 terraeque,
660 1011 806 1092 marisque
1021 1012 1061 1071 95

81 1106 179 1169 Posce
193 1107 278 1168 bonis
294 1107 420 1188 aliquid:
444 1108 554 1168 nullam
570 1108 682 1189 patiere
698 1107 859 1189 repulsam.

81 1200 239 1284 Deprecor
253 1203 310 1264 hoc
325 1224 435 1277 unum;
459 1203 537 1284 quod
553 1223 623 1263 vero
638 1204 757 1263 nomine
772 1222 872 1284 poena,

80 1296 153 1359 Non
167 1299 262 1361 honor
275 1311 330 1359 est.
375 1297 513 1373 Poenam,
529 1297 699 1373 Phaethon,
715 1320 768 1378 pro
783 1318 915 1372 munere,
931 1297 1038 1379 poscis.

81 1392 166 1466 Quid
181 1415 249 1455 mea
262 1396 340 1457 oolla
354 1408 437 1456 tenes
453 1395 577 1469 blandis,
593 1396 703 1475 ignare,
718 1395 854 1455 lacertis?

81 1488 131 1550 Ne
146 1489 258 1566 dubita,
274 1491 389 1551 dabitur
406 1490 540 1572 (Stygias
551 1489 714 1570 juravimus
728 1488 838 1572 undas)
1000 1492 1061 1549 100

81 1583 296 1666 Quodcunque
311 1585 440 1665 optaris:
464 1584 516 1644 sed
532 1598 563 1643 tu
579 1584 739 1663 sapientius
753 1584 845 1662 opta.'

123 1679 259 1742 Finierat
273 1679 412 1739 monitus.
458 1677 556 1739 Dictis
571 1691 669 1737 tamen
684 1678 734 1738 ille
748 1691 911 1759 repugnat:

79 1775 443 1859 Propositumque'teuet:
466 1773 628 1856 flagratque
643 1774 782 1855 cupidine
796 1774 909 1836 currus.

79 1871 172 1953 Ergo,
189 1871 250 1953 qua
262 1872 345 1932 licuit
359 1871 473 1951 genitor
486 1884 651 1945 cunctatus,
667 1871 705 1930 ad
719 1872 793 1932 altos

79 1965 214 2029 Deducit
225 1967 378 2050 juvenem,
396 1966 543 2028 Vulcania
557 1987 690 2040 munera,
706 1988 817 2026 currus.
998 1968 1058 2027 105

78 2063 200 2125 Aureus
215 2063 278 2125 axis
293 2077 365 2140 erat,
381 2077 462 2125 temo
477 2084 594 2138 aureus,
610 2083 698 2123 aurea
713 2082 834 2122 summae

78 2157 250 2221 Curvatura
262 2174 350 2236 mtae3
373 2161 521 2222 radiorum
536 2173 692 2241 argenteus
707 2159 790 2220 ordo.

79 2254 140 2317 Per
150 2255 223 2340 juga
237 2257 419 2338 chrysolithi,
435 2257 595 2338 positaeque
610 2278 650 2317 ex
665 2256 767 2316 ordine
782 2275 918 2337 gemme,

79 2350 170 2413 Clara
183 2373 358 2434 repercusso
372 2353 535 2412 reddebant
548 2353 659 2412 lumina
673 2352 802 2412 Phoebe.

78 2447 222 2531 Dumque
238 2468 275 2509 ea
289 2447 493 2525 magnanimus
508 2446 667 2505 Phaethon
681 2448 812 2519 miratur,
827 2467 962 2528 opusque
997 2451 1058 2509 110

78 2543 243 2626 Perspicit:
268 2563 341 2604 ecce
358 2542 427 2622 vigil
442 2541 528 2602 rutilo
544 2539 683 2622 patefecit
699 2539 816 2601 abortu

77 2638 249 2722 Purpureas
264 2639 380 2700 Aurora
396 2638 481 2714 sores,
497 2652 527 2699 et
542 2638 631 2720 plena
645 2659 776 2698 rosarum

76 2737 174 2798 Atria.
220 2736 389 2816 Diffugiunt
404 2734 514 2797 stellae:
539 2756 661 2817 quarum
677 2735 794 2815 agmina
808 2736 886 2816 cogit
955 2792 958 2796 .

77 2831 210 2908 Lucifer,
227 2846 257 2894 et
271 2833 341 2894 coeli
356 2831 480 2893 statione
495 2832 670 2893 novissimus
686 2833 759 2892 exit.
812 2896 817 2901 ,

120 2930 165 2989 At
180 2942 264 3010 pater
277 2941 311 2991 ut
325 2944 427 3004 terras,
442 2929 645 3008 mundumque
661 2928 816 2988 rebescere
832 2928 913 3003 vidit,
996 2931 1056 2992 11⁵

77 3024 260 3108 Cornuaque
276 3039 416 3086 extremae
432 3025 515 3084 velut
529 3043 708 3084 evanescere
723 3023 817 3099 luuae;

75 3122 210 3204 Jungere
225 3144 317 3206 equos
332 3122 425 3184 'Iitan
440 3121 591 3183 velocibus
606 3121 731 3202 imperat
747 3120 845 3184 Horis.

45 3282 49 3289 ,
74 3219 165 3282 Jussa
180 3221 243 3282 deae
257 3220 369 3282 celeres
385 3233 546 3301 peragunt:
570 3220 727 3301 ignemque
742 3234 906 3297 vomentes,

77 3317 241 3380 Ambrosie
256 3338 345 3379 succo
359 3330 482 3392 saturos,
498 3317 677 3398 praesepibus
692 3317 756 3378 altis

74 3412 299 3496 Quadmpedes
314 3415 443 3489 ducunt3
465 3412 635 3496 adduntque
651 3415 783 3476 sonantia
798 3412 896 3473 sraena.
996 3415 1057 3477 100

119 3511 203 3574 Tum
218 3525 304 3595 pater
317 3532 368 3574 ora
382 3511 427 3572 sui
442 3531 525 3573 sacro
539 3512 735 3574 medicamine
751 3510 811 3571 nati
