2348 4102
111 322 174 385 170
469 324 554 387 nux,
576 325 719 376 nuncu.

108 474 178 539 Non
193 472 330 556 equidem
346 470 483 533 invideo:
505 473 648 554 numquid
663 485 762 533 tamen
777 473 838 536 ulla
852 474 964 556 seritur,

149 571 227 644 Qun
242 568 345 630 sterilis
360 567 423 628 soli
437 567 644 650 conspicienda
658 567 747 629 coma
761 572 827 630 est?
1040 579 1081 641 3ο

107 667 230 730 Gemite
244 665 372 725 sinceros
388 684 491 724 omnes
506 684 546 723 ex
561 664 663 724 ordine
678 677 807 740 truncos,

148 761 212 834 Qui
226 759 315 822 modi)
330 759 381 833 nil,
397 779 487 840 quare
502 759 711 840 percutiantur,
727 759 847 822 habent.

105 857 149 919 At
163 857 235 918 mihi
249 876 326 917 saeva
340 867 448 915 nocent
462 854 601 915 mutilatis
616 855 738 915 vulnera
752 856 858 932 ramis;

146 951 295 1034 Nudaque
311 949 427 1032 dejecti
439 950 548 1011 cortice
562 951 640 1030 ligna
654 962 767 1032 patent.

105 1048 177 1113 Non
189 1048 289 1111 odium
305 1046 374 1108 facit
388 1046 455 1120 hoc,
471 1045 524 1107 sed
537 1065 606 1128 spes
622 1045 734 1107 indulta
748 1047 866 1129 rapine.

146 1142 319 1207 Sustineant
333 1140 395 1203 alie
411 1162 518 1223 poma3
541 1155 702 1226 querentur
715 1142 805 1204 idem.

104 1239 155 1303 Sic
169 1260 236 1301 reus
250 1235 375 1300 illusere
391 1252 445 1312 est,
462 1238 575 1322 dequo
592 1238 711 1300 victoria
726 1239 808 1300 lucro

145 1332 222 1395 Fese
237 1344 353 1415 potest:
376 1332 474 1413 inopis
486 1332 601 1393 vindice
618 1331 695 1394 facta
708 1349 820 1397 carent.

103 1428 154 1492 Sic
168 1428 252 1490 timet
266 1426 393 1503 insidias,
408 1427 457 1509 qui
472 1427 527 1488 scit
541 1448 573 1488 se
589 1427 663 1490 ferre
679 1430 782 1506 viator,

145 1523 206 1587 Cui
219 1524 337 1586 timeat:
361 1535 457 1584 tutum
472 1524 567 1605 carpit
581 1524 673 1586 inanis
688 1525 752 1586 iter.
1034 1526 1074 1592 40

102 1619 152 1683 Sic
168 1640 224 1702 ego
237 1619 303 1683 sola¹
313 1631 417 1701 pet0r;
439 1618 492 1680 soli
508 1620 576 1702 quia
589 1641 679 1682 causa
693 1620 813 1703 petendi
828 1634 884 1684 est.

143 1714 310 1778 Frondibus
325 1714 440 1775 intactis
453 1728 557 1777 cetera
572 1717 655 1777 turba
671 1717 776 1778 virent.

102 1806 182 1872 Nam
198 1810 278 1892 quod
293 1810 403 1871 habent
418 1809 536 1872 frutices
552 1810 599 1871 atii
615 1831 732 1893 quoque
747 1812 884 1895 proxima
896 1812 985 1876 nobis

143 1903 312 1989 Fragmina,
327 1927 390 1988 quae
406 1905 474 1967 laeso
489 1906 597 1968 vimine
613 1907 706 1969 multa
717 1907 836 1991 jacent·;

101 2000 170 2064 Non
184 2003 245 2064 istis
259 2024 312 2065 sua
327 2002 404 2064 facta
418 2017 543 2065 nocent:
567 2003 673 2065 vicinia
688 2005 795 2067 damno
810 2017 865 2066 eet.
1032 2007 1072 2068 45

143 2097 306 2180 Excipiunt
321 2099 379 2159 ictu
395 2119 467 2160 saxa
482 2101 599 2181 repulsa
614 2121 693 2161 meo.

100 2191 194 2275 quue
208 2193 265 2254 fide
278 2206 397 2279 careat3
419 2194 442 2254 si
458 2214 527 2269 non,
543 2214 606 2274 quae
622 2195 735 2276 longius
751 2196 867 2271 absunt,

140 2286 282 2349 Nativum
297 2280 424 2349 retinent
438 2287 577 2350 inviolata
591 2289 692 2351 decus.

100 2383 192 2465 Ergo,
207 2384 232 2446 si
246 2385 371 2466 sapiant,
387 2398 417 2445 et
432 2398 563 2447 mentem
578 2386 667 2448 verba
683 2398 842 2471 sequantur
850 2407 859 2463 ;

140 2480 319 2543 Devoveant
334 2483 450 2543 umbras
465 2482 599 2565 proxima
615 2504 738 2567 queque
751 2503 844 2546 meas.
885 2538 900 2557 ,.
1032 2485 1072 2546 50

99 2576 201 2649 Quam
216 2578 356 2639 miserum
374 2593 428 2655 est,
443 2579 542 2641 odium
558 2581 670 2641 damnis
686 2581 829 2665 accede&
842 2579 948 2647 nostrie
957 2601 967 2657 ;

139 2671 253 2754 Meque
268 2670 349 2733 ream
363 2675 458 2735 nimiae
472 2664 665 2756 proxiinitatis
680 2677 744 2759 agi!
756 2666 780 2691 '³'
814 2712 817 2719 ·
863 2697 867 2701 ·

98 2766 170 2844 Sed,
186 2782 269 2850 puto,
285 2789 389 2849 magna
405 2771 463 2831 mei
478 2784 523 2831 est
537 2790 663 2853 operoso
677 2792 748 2834 cura
761 2760 878 2837 colono.

138 2864 285 2941 Invenias,
301 2865 350 2949 qui
366 2865 416 2928 det
430 2868 469 2929 nil
487 2866 568 2944 mihi,
584 2880 689 2950 praeter
703 2870 837 2931 humum.

97 2961 210 3044 Sponte
225 2964 293 3023 mea
307 2962 397 3025 facilis
411 2980 583 3048 contempto
598 2987 702 3028 nascor
717 2968 745 3027 in
760 2986 847 3048 agro:
1029 2966 1069 3028 55

138 3058 270 3140 Parsque
285 3059 351 3135 loci,
368 3059 427 3141 (pri
440 3074 496 3136 sto,
512 3062 629 3144 publica
644 3062 721 3145 pene
737 3063 785 3124 via
798 3077 853 3124 est.

96 3152 160 3228 Me,
175 3167 237 3214 sata
252 3175 289 3215 ne
305 3154 407 3215 laed'am
426 3154 578 3240 (quoniam
594 3172 656 3220 sata
670 3160 775 3221 laedere
789 3157 896 3242 dicor),

137 3250 217 3311 Imus
233 3251 262 3312 in
277 3265 411 3312 extremo
425 3257 554 3335 margine
570 3255 676 3317 fundus
691 3256 791 3317 habet.

96 3347 165 3409 Non
180 3349 251 3410 mihi
267 3347 328 3410 salx
342 3350 445 3410 nimias
461 3351 595 3413 Saturnia
610 3352 732 3436 deputat
746 3353 881 3415 umbras:

136 3443 282 3506 Duratam
296 3459 418 3507 renovat
433 3466 492 3507 non
506 3446 576 3508 mihi
592 3448 684 3511 sossor
697 3451 832 3513 humum.
1026 3447 1068 3510 60

95 3538 165 3600 Sole
180 3541 250 3603 licet
263 3542 401 3609 siccaque
415 3541 462 3604 siti
477 3543 605 3622 peritura
618 3533 766 3608 laborem}
965 3531 969 3543 ¹
