2348 4102
127 351 190 414 116
439 357 788 414 ununuoarnosnou

125 507 300 590 Litteraque
315 509 432 572 intravit
446 510 589 591 Pegasaeai
604 511 721 573 Colcha
735 512 844 572 carinis.

125 604 237 667 AEaous
252 605 321 666 huic
337 619 421 687 pater
435 619 497 667 est:
522 608 571 688 qui
581 606 650 690 jura
663 607 814 668 silentibus
829 605 888 669 illic
1064 615 1107 674 25

125 697 249 776 Reddit,
265 700 316 760 ubi
330 700 470 762 AEoliden
485 722 591 763 saxum
606 723 695 783 grave
711 702 862 784 Sisyphon
877 718 972 785 urget.

124 795 241 858 AEacon
256 799 388 877 agnoscit
402 819 545 874 satiamus,
560 800 734 880 prolemque
749 799 857 860 latetur

124 890 243 975 Jupiter
257 913 322 954 esse
337 914 432 955 suam.
477 894 527 957 Sio
543 895 580 956 ab
594 894 672 956 Jove
688 898 790 957 tertius
806 894 898 978 Ajax.

125 985 193 1050 Nec
208 1001 308 1050 tamen
323 990 386 1050 haec
400 990 490 1051 series
505 990 640 1052 incausti
654 990 756 1071 prosit,
772 989 904 1066 Aolrivi3

125 1082 158 1144 si
172 1085 245 1147 mihi
258 1106 328 1146 cum
343 1106 450 1166 magno
464 1105 524 1145 non
539 1098 583 1145 est
598 1085 762 1147 communis
778 1085 910 1147 Achille.
1064 1091 1107 1152 30

125 1177 231 1242 Frater
246 1194 326 1254 erat;
350 1180 477 1242 fraterna
490 1194 572 1262 peto.
617 1179 702 1251 Quid
721 1181 863 1261 sanguine
877 1194 976 1244 cretus

125 1273 276 1357 Sisyphio,
292 1275 444 1357 firrtisque,
460 1289 490 1336 et
505 1275 605 1336 [raude
621 1277 784 1336 simillimus
799 1277 851 1354 illi,

124 1368 231 1433 Inserit
245 1371 377 1433 AEaeidis
393 1371 493 1433 aliene
508 1359 760 1451 nomina'gentis?

167 1468 218 1528 An
235 1467 315 1550 quod
330 1468 359 1528 in
374 1488 456 1529 arma
470 1467 559 1549 prior,
574 1468 715 1551 nulloque
729 1469 784 1530 sub
798 1468 896 1532 indice
911 1491 991 1546 vem,

125 1563 220 1625 Arma
234 1563 371 1644 neganda
384 1564 477 1626 mihi?
500 1565 654 1646 potiorque
670 1564 816 1626 videbitur
830 1564 891 1642 ille,
1065 1569 1107 1629 35

124 1657 240 1722 Ultima
255 1660 304 1742 qui
318 1661 408 1743 cepit,
424 1661 656 1742 detrectavitque
672 1659 767 1722 lurore

124 1753 264 1836 Militiam
278 1756 365 1817 ficto:
389 1756 485 1817 donec
499 1756 633 1816 solertior
652 1756 719 1830 isto,

125 1849 188 1912 Sed
202 1851 256 1912 sibi
271 1851 410 1928 inutilior,
425 1851 519 1913 timidi
533 1864 703 1912 commenta
717 1850 826 1912 retexit

125 1943 310 2029 Naupliades
325 1948 424 2024 anirni,
440 1948 589 2030 vitataque
605 1947 693 2008 traxit
707 1948 737 2008 iu
753 1949 857 2008 arma?

125 2040 250 2123 Optima
265 2064 343 2104 nuno
358 2057 465 2119 sumat,
482 2044 531 2125 qui
546 2064 662 2103 sumere
677 2043 772 2103 noluit
786 2043 866 2104 ulla:
1063 2047 1109 2108 40

126 2136 191 2199 Nos
206 2138 382 2214 inhonorati,
398 2152 429 2199 et
444 2139 527 2199 dunis
543 2139 724 2218 patruelibus
739 2139 812 2215 orbi,

126 2231 297 2295 Obtulimus
312 2234 362 2314 qui
376 2253 430 2293 nos
444 2232 482 2292 ad
497 2233 590 2313 prima
605 2233 745 2313 pericula,
760 2235 862 2296 simus.

125 2328 229 2410 Atque
244 2329 357 2389 utinam
371 2341 422 2390 aut
437 2348 524 2390 verus
539 2327 617 2390 furor
631 2329 690 2405 ille,
706 2343 758 2391 aut
771 2330 910 2406 creditus,
926 2343 1024 2408 esset3

126 2423 194 2487 Nec
209 2446 310 2487 comes
325 2425 374 2487 hic
388 2425 535 2508 Phrygias
548 2447 679 2509 uuquam
695 2427 823 2489 venisset
841 2427 879 2488 ad
894 2447 977 2490 arces

127 2521 269 2585 Hortator
282 2524 446 2586 scelerum!
484 2521 555 2585 Non
570 2538 611 2598 te,
627 2523 766 2586 Poeantia
779 2516 888 2606 proles,
1065 2527 1110 2589 45

127 2617 308 2700 Expositum
322 2619 455 2679 Lemnos
469 2632 569 2680 nostro
583 2639 652 2680 cum
667 2619 788 2680 crimine
803 2620 935 2681 haberet.

127 2712 192 2784 Qui
206 2734 285 2774 nunc
302 2712 349 2797 (u't
364 2712 544 2797 memorant)
562 2714 742 2775 silvestribus
757 2712 873 2778 abditus
888 2714 977 2778 antris
1086 2714 1089 2720 ’

127 2809 208 2871 Saxa
224 2829 327 2871 moves
341 2809 464 2890 gemitu,
479 2807 704 2892 Laertiadaeque
720 2811 859 2891 precaris,

51 2903 54 2906 ⁴
127 2903 206 2979 Quae
222 2906 343 2968 meruit:
368 2927 432 2989 que
450 2905 489 2992 (si
503 2905 534 2969 di
544 2905 632 2990 sunt)
649 2927 708 2968 non
723 2927 801 2968 vana
815 2907 954 2989 preceris.

128 3001 170 3063 Et
184 3024 262 3063 nunc
278 3004 327 3064 ille
342 3004 449 3066 eadem
462 3005 546 3066 nobis
556 3003 670 3088 juratus
685 3004 715 3065 in
730 3024 820 3079 arma,
1003 3057 1004 3060 ,
1065 3007 1110 3067 50

130 3097 216 3183 (Heu
228 3098 251 3183 ¹.)
276 3120 343 3180 pars
358 3118 418 3160 una
431 3099 553 3176 ducum,
568 3122 629 3183 quo
643 3121 811 3162 successore
825 3100 937 3181 sagittae

128 3193 265 3256 Herculis
280 3207 411 3269 utuntur,
426 3193 534 3256 fractus
549 3197 711 3277 morboque
726 3195 876 3279 fameque,

129 3290 313 3375 Velaturque
328 3290 471 3373 aliturque
487 3291 607 3366 avibus3
631 3293 824 3376 volucresque
846 3292 977 3376 patendo

128 3388 241 3452 Debita
254 3387 391 3472 ijauis
406 3400 528 3451 exercet
542 3388 655 3471 spicula
668 3387 745 3451 satis.

128 3483 183 3547 Ille
199 3498 300 3549 tamen
314 3486 399 3565 vivit,
414 3483 890 3570 quianoncomitavitllly'saem.
1064 3486 1107 3550 ⁵5
