2348 4102
124 382 167 444 42
438 346 784 438 METAMORPHOSEON

124 535 218 619 Inque
233 536 313 597 aditu
328 537 447 597 obsisto.
492 535 577 597 Furit
592 536 801 597 audacissimus
817 537 898 597 omni

123 631 174 692 De
189 652 312 693 numero
327 631 481 714 Lycabas:
506 632 554 715 qul
569 631 693 693 Thuscd
708 632 809 712 pulsus
824 632 861 692 ab
875 631 950 694 urbe

124 726 283 803 Exsilium,
300 727 363 788 dira
377 748 498 809 poenam
513 749 567 809 pro
581 728 673 803 caede,
688 727 798 788 luebat.

124 820 153 883 Is
167 823 249 898 mibi,
265 823 335 883 dum
350 836 438 898 resto,
450 822 574 906 juvenili
589 837 706 903 gunura
720 842 821 904 pugno
1037 827 1101 888 210

124 916 237 1000 Rupit:
261 931 291 979 et
305 927 463 980 excussum
477 919 602 980 misisset
616 920 646 979 in
661 938 786 1000 aequora,
801 918 825 978 si
839 938 900 979 non

124 1011 295 1090 Haesissem,
309 1015 441 1096 quumvis
457 1035 569 1089 eruens,
584 1015 613 1074 in
628 1013 698 1074 sune
712 1026 853 1074 retentus.
911 1062 919 1075 .

166 1109 262 1191 Impia
277 1110 360 1169 turba
375 1109 499 1189 probant
513 1107 633 1169 sactum.
678 1107 761 1168 Tum
775 1108 903 1190 denique
917 1107 1073 1186 Bacchus,

126 1203 281 1288 (Bacchus
296 1203 375 1263 enim
390 1201 498 1287 suerat)
517 1203 607 1264 veluti
621 1205 750 1265 clamore
765 1204 876 1264 solutus

125 1298 170 1359 Sit
184 1319 281 1379 sopor,
297 1318 372 1380 aque
387 1318 470 1358 mero
484 1298 606 1358 redeant
619 1299 649 1359 in
664 1310 786 1380 pectora
799 1318 912 1373 sensuS,
1038 1302 1104 1362 215

125 1391 238 1465 “Quid
250 1392 368 1454 facitis?
392 1393 456 1474 quis
469 1393 581 1454 clarnos
589 1392 623 1454 ?'’
646 1394 704 1468 ait3
727 1399 747 1430 “
757 1393 826 1474 qud,
842 1393 940 1470 dicite,
956 1408 1065 1469 nauta,

124 1484 195 1550 Huc
210 1510 268 1571 ope
282 1489 425 1571 perveni?
449 1488 507 1570 qud
522 1508 570 1549 me
586 1487 822 1569 deferrelparatis
832 1488 866 1549 ?''

126 1585 240 1647 “Pone
252 1585 399 1661 -meunn,''
417 1584 555 1661 Proreus,
571 1591 590 1620 ‘⁶
602 1596 631 1644 et
646 1605 719 1666 quos
733 1584 904 1665 contingere
919 1597 1024 1666 portus

125 1678 193 1741 Ede
208 1675 412 1756 velis,'''dixit,
427 1687 447 1716 “
459 1679 536 1740 terrb
549 1680 651 1740 sistere
666 1679 792 1761 petita?

127 1781 146 1811 “
156 1774 298 1850 Naxon,''
314 1775 354 1836 ait
368 1775 469 1850 Liber,
486 1781 615 1835 “cursus
631 1775 773 1835 advertite
789 1786 913 1835 vestros.
1037 1779 1104 1840 220

125 1868 180 1932 Illa
195 1871 267 1932 mihi
281 1871 385 1932 domus
401 1882 463 1931 est:
486 1871 570 1932 vobis
584 1869 638 1932 erit
653 1870 769 1952 hospita
783 1869 902 1931 tellus.’'

125 1965 187 2029 Per
200 1989 280 2029 mare
296 1967 423 2043 fallaces,
440 1988 552 2050 perque
567 1967 665 2029 omnia
679 1967 799 2027 numina
810 1965 911 2049 jurant

126 2062 176 2126 Sic
192 2063 270 2125 fore:
293 2084 401 2144 meque
412 2063 518 2145 jubent
532 2064 617 2143 pictae
633 2063 702 2122 dure
719 2063 785 2122 vela
799 2062 913 2123 carinae.

126 2156 261 2219 Dextera
277 2156 380 2217 Naxos
395 2170 467 2217 erut.
513 2156 631 2216 Dextrd
644 2156 715 2216 mihi
730 2156 820 2216 lintea
834 2155 925 2232 danti,
1037 2160 1101 2221 224

127 2252 240 2324 “Quid
254 2251 335 2327 facis,
350 2251 526 2313 odemens?
550 2252 614 2332 quis
629 2264 658 2311 te
681 2250 790 2327 furor,''
806 2252 910 2335 inquit,
926 2261 946 2290 “
956 2254 1101 2331 Acoete,''

125 2346 187 2409 Pro
201 2369 232 2409 se
248 2348 381 2431 quisque,
397 2350 529 2409 “teneti
551 2348 655 2409 lae‘vam
669 2349 772 2430 pete.''
818 2348 952 2411 Maxima
967 2363 1041 2411 nutu

125 2440 199 2506 Pars
214 2445 285 2506 mihi
299 2444 440 2526 signifieat
449 2466 457 2521 ;
479 2466 557 2528 pars,
573 2445 642 2528 quid
658 2446 739 2523 velit,
755 2467 824 2507 aure
839 2459 977 2507 susurrat.

125 2540 292 2623 Obstupui:
317 2548 335 2578 “
345 2541 514 2623 Capiatque
529 2544 602 2602 alius
616 2542 848 2616 moderamina,''
865 2541 944 2602 dixi:
989 2602 992 2607 ,

124 2635 240 2717 Meque
254 2636 412 2696 ministerio
427 2636 604 2718 scelerisque
620 2637 746 2718 artisque
761 2637 884 2697 removi.

125 2731 266 2812 Increpor
279 2750 297 2791 a
310 2731 434 2806 cunctis,
446 2743 600 2813 totumque
615 2733 817 2793 immurmurat
832 2754 950 2813 agmen.
1036 2736 1101 2797 230

126 2825 155 2888 E
171 2827 275 2909 quibus
289 2825 451 2903 AEthalion,
468 2833 487 2863 “
497 2826 545 2887 Te
560 2826 672 2889 scillcet
686 2827 780 2888 omnis
795 2828 824 2888 in
840 2850 899 2888 uno

125 2921 234 2986 Nostra
249 2924 325 2985 salus
341 2925 435 3006 posita
450 2938 494 2987 est
503 2924 536 2986 ?’'
560 2925 610 2986 ait.
655 2922 697 2985 Et
711 2925 787 2985 subit
801 2924 883 3007 ipse:
905 2945 1068 3007 meumque

125 3019 240 3100 Explet
254 3041 344 3101 opus:
369 3020 518 3103 Naxoque
533 3023 607 3104 petit
621 3022 736 3084 diversa
750 3022 863 3084 relictd.

167 3114 249 3176 Tum
264 3115 488 3192 deusilludens,
503 3131 643 3199 tanquam
658 3119 748 3178 modb
764 3119 890 3200 denique
906 3117 1039 3179 fraudem

125 3211 266 3287 Senserit,
282 3232 299 3272 e
314 3212 407 3294 puppi
422 3225 545 3294 pontum
560 3224 729 3292 prospectat
744 3211 869 3273 adunca.
1036 3215 1100 3276 235

125 3305 167 3369 Et
181 3307 264 3370 flenti
278 3307 388 3384 similis,
404 3314 423 3345 “
433 3307 503 3369 Non
518 3309 580 3368 hac
594 3306 665 3368 mihi
679 3307 786 3383 littora,
801 3321 907 3385 nautae,

124 3400 333 3481 Promisistis,”
348 3405 406 3467 ait:
429 3411 449 3442 “
458 3424 517 3465 non
532 3404 595 3466 haec
609 3405 681 3466 mihi
696 3418 772 3466 terra
786 3418 887 3486 rogata
902 3418 958 3468 est.

125 3495 199 3573 Quo
213 3502 306 3563 merui
319 3522 440 3585 poenam
454 3500 553 3564 sacto?
576 3522 640 3585 quae
655 3502 746 3584 gloria
759 3515 856 3566 vestra
869 3516 933 3579 est;
