<?xml version="1.0" encoding="UTF-8"?>
<!DOCTYPE html PUBLIC "-//W3C//DTD XHTML 1.0 Transitional//EN"
    "http://www.w3.org/TR/xhtml1/DTD/xhtml1-transitional.dtd">
<html xmlns="http://www.w3.org/1999/xhtml" xml:lang="en" lang="en">
 <head>
  <title>
</title>
<meta http-equiv="Content-Type" content="text/html;charset=utf-8" />
  <meta name='ocr-system' content='tesseract 3.04.00' />
  <meta name='ocr-capabilities' content='ocr_page ocr_carea ocr_par ocr_line ocrx_word'/>
</head>
<body>
  <div class='ocr_page' id='page_1' title='image "./excerptaexscrip00goulgoog_0133.png"; bbox 0 0 2348 4102; ppageno 0'>
   <div class='ocr_carea' id='block_1_1' title="bbox 105 360 761 423">
    <p class='ocr_par' dir='ltr' id='par_1_1' title="bbox 105 360 761 423">
     <span class='ocr_line' id='line_1_1' title="bbox 105 360 761 423; baseline -0.005 0"><span class='ocrx_word' id='word_1_1' title='bbox 105 361 168 423; x_wconf 71' lang='lat'>12⁰</span> <span class='ocrx_word' id='word_1_2' title='bbox 412 360 761 420; x_wconf 69' lang='grc' dir='ltr'><strong>ΜΕΤᾸΜΟΒΡΗΟΒΕΟΝ</strong></span> 
     </span>
    </p>
   </div>
   <div class='ocr_carea' id='block_1_2' title="bbox 43 514 1072 1361">
    <p class='ocr_par' dir='ltr' id='par_1_2' title="bbox 102 514 979 599">
     <span class='ocr_line' id='line_1_2' title="bbox 102 514 979 599; baseline -0.001 -17"><span class='ocrx_word' id='word_1_3' title='bbox 102 517 275 582; x_wconf 89' lang='lat' dir='ltr'>Dummodo</span> <span class='ocrx_word' id='word_1_4' title='bbox 289 516 369 599; x_wconf 84' lang='lat' dir='ltr'>qudd</span> <span class='ocrx_word' id='word_1_5' title='bbox 384 516 485 578; x_wconf 85' lang='lat' dir='ltr'>fratres</span> <span class='ocrx_word' id='word_1_6' title='bbox 500 516 647 577; x_wconf 83' lang='lat' dir='ltr'>Telamon</span> <span class='ocrx_word' id='word_1_7' title='bbox 663 514 834 598; x_wconf 83' lang='lat' dir='ltr'><strong>Peleusque</strong></span> <span class='ocrx_word' id='word_1_8' title='bbox 844 515 979 595; x_wconf 64' lang='lat' dir='ltr'>&#39;dierunt</span> 
     </span>
    </p>

    <p class='ocr_par' dir='ltr' id='par_1_3' title="bbox 101 612 950 697">
     <span class='ocr_line' id='line_1_3' title="bbox 101 612 950 697; baseline -0.002 -22"><span class='ocrx_word' id='word_1_9' title='bbox 101 613 203 697; x_wconf 86' lang='lat' dir='ltr'>Ajacis</span> <span class='ocrx_word' id='word_1_10' title='bbox 218 614 355 675; x_wconf 89' lang='lat' dir='ltr'>meritum</span> <span class='ocrx_word' id='word_1_11' title='bbox 370 633 428 673; x_wconf 92' lang='lat' dir='ltr'>non</span> <span class='ocrx_word' id='word_1_12' title='bbox 444 613 498 672; x_wconf 89' lang='lat' dir='ltr'>sit:</span> <span class='ocrx_word' id='word_1_13' title='bbox 524 633 580 672; x_wconf 90' lang='lat' dir='ltr'>nee</span> <span class='ocrx_word' id='word_1_14' title='bbox 594 612 744 690; x_wconf 82' lang='lat' dir='ltr'>sanguinis</span> <span class='ocrx_word' id='word_1_15' title='bbox 757 612 840 688; x_wconf 91' lang='lat' dir='ltr'>ordo,</span> <span class='ocrx_word' id='word_1_16' title='bbox 941 652 950 665; x_wconf 84' lang='grc'>-.</span> 
     </span>
    </p>

    <p class='ocr_par' dir='ltr' id='par_1_4' title="bbox 43 707 818 789">
     <span class='ocr_line' id='line_1_4' title="bbox 43 707 818 789; baseline -0.005 -17"><span class='ocrx_word' id='word_1_17' title='bbox 43 730 52 737; x_wconf 76' lang='grc'><strong><em>’</em></strong></span> <span class='ocrx_word' id='word_1_18' title='bbox 101 709 164 771; x_wconf 89' lang='lat' dir='ltr'>Sed</span> <span class='ocrx_word' id='word_1_19' title='bbox 178 709 291 770; x_wconf 85' lang='lat' dir='ltr'>virtutis</span> <span class='ocrx_word' id='word_1_20' title='bbox 305 709 399 769; x_wconf 90' lang='lat' dir='ltr'>honos</span> <span class='ocrx_word' id='word_1_21' title='bbox 414 707 515 788; x_wconf 89' lang='lat' dir='ltr'>spoliis</span> <span class='ocrx_word' id='word_1_22' title='bbox 531 721 675 789; x_wconf 80' lang='lat' dir='ltr'>queratur</span> <span class='ocrx_word' id='word_1_23' title='bbox 690 708 720 768; x_wconf 93' lang='lat' dir='ltr'>in</span> <span class='ocrx_word' id='word_1_24' title='bbox 735 708 818 768; x_wconf 76' lang='lat' dir='ltr'>istis·</span> 
     </span>
    </p>

    <p class='ocr_par' dir='ltr' id='par_1_5' title="bbox 100 790 977 885">
     <span class='ocr_line' id='line_1_5' title="bbox 100 790 977 885; baseline 0 -21"><span class='ocrx_word' id='word_1_25' title='bbox 100 804 164 865; x_wconf 85' lang='lat' dir='ltr'>Aut</span> <span class='ocrx_word' id='word_1_26' title='bbox 179 804 203 864; x_wconf 92' lang='lat' dir='ltr'>si</span> <span class='ocrx_word' id='word_1_27' title='bbox 217 804 390 885; x_wconf 78' lang='lat' dir='ltr'><strong>proximitas</strong></span> <span class='ocrx_word' id='word_1_28' title='bbox 406 790 575 885; x_wconf 82' lang='lat' dir='ltr'>primusque</span> <span class='ocrx_word' id='word_1_29' title='bbox 590 803 746 884; x_wconf 83' lang='lat' dir='ltr'>requiritur</span> <span class='ocrx_word' id='word_1_30' title='bbox 759 803 871 879; x_wconf 83' lang='lat' dir='ltr'>haeres3</span> <span class='ocrx_word' id='word_1_31' title='bbox 973 848 977 853; x_wconf 86' lang='lat'>-</span> 
     </span>
    </p>

    <p class='ocr_par' dir='ltr' id='par_1_6' title="bbox 101 896 1072 980">
     <span class='ocr_line' id='line_1_6' title="bbox 101 896 1072 980; baseline 0.001 -19"><span class='ocrx_word' id='word_1_32' title='bbox 101 896 156 961; x_wconf 82' lang='lat' dir='ltr'>Est</span> <span class='ocrx_word' id='word_1_33' title='bbox 171 900 286 980; x_wconf 84' lang='lat' dir='ltr'>genitor</span> <span class='ocrx_word' id='word_1_34' title='bbox 301 898 422 973; x_wconf 85' lang='lat' dir='ltr'>Peleus,</span> <span class='ocrx_word' id='word_1_35' title='bbox 438 912 483 959; x_wconf 90' lang='lat' dir='ltr'>est</span> <span class='ocrx_word' id='word_1_36' title='bbox 498 897 631 980; x_wconf 88' lang='lat' dir='ltr'>Pyrrhus</span> <span class='ocrx_word' id='word_1_37' title='bbox 645 898 720 959; x_wconf 85' lang='lat' dir='ltr'>filius</span> <span class='ocrx_word' id='word_1_38' title='bbox 736 897 787 959; x_wconf 90' lang='lat' dir='ltr'>illi.</span> <span class='ocrx_word' id='word_1_39' title='bbox 1019 902 1072 963; x_wconf 81' lang='lat'>155</span> 
     </span>
    </p>

    <p class='ocr_par' dir='ltr' id='par_1_7' title="bbox 100 992 891 1077">
     <span class='ocr_line' id='line_1_7' title="bbox 100 992 891 1077; baseline -0.001 -21"><span class='ocrx_word' id='word_1_40' title='bbox 100 993 179 1067; x_wconf 84' lang='lat' dir='ltr'>Quis</span> <span class='ocrx_word' id='word_1_41' title='bbox 193 996 277 1056; x_wconf 90' lang='lat' dir='ltr'>locus</span> <span class='ocrx_word' id='word_1_42' title='bbox 292 994 400 1077; x_wconf 86' lang='lat' dir='ltr'>Ajaci?</span> <span class='ocrx_word' id='word_1_43' title='bbox 424 993 565 1054; x_wconf 86' lang='lat' dir='ltr'>Phthiam</span> <span class='ocrx_word' id='word_1_44' title='bbox 581 993 736 1074; x_wconf 87' lang='lat' dir='ltr'>Scyronve</span> <span class='ocrx_word' id='word_1_45' title='bbox 750 992 891 1056; x_wconf 89' lang='lat' dir='ltr'>serantur.</span> 
     </span>
    </p>

    <p class='ocr_par' dir='ltr' id='par_1_8' title="bbox 100 1081 834 1170">
     <span class='ocr_line' id='line_1_8' title="bbox 100 1081 834 1170; baseline -0.004 -17"><span class='ocrx_word' id='word_1_46' title='bbox 100 1087 167 1153; x_wconf 85' lang='lat' dir='ltr'>Nec</span> <span class='ocrx_word' id='word_1_47' title='bbox 182 1090 279 1152; x_wconf 83' lang='lat' dir='ltr'>minus</span> <span class='ocrx_word' id='word_1_48' title='bbox 295 1103 340 1151; x_wconf 89' lang='lat' dir='ltr'>est</span> <span class='ocrx_word' id='word_1_49' title='bbox 354 1090 409 1150; x_wconf 92' lang='lat' dir='ltr'>isto</span> <span class='ocrx_word' id='word_1_50' title='bbox 424 1088 545 1150; x_wconf 88' lang='lat' dir='ltr'>Teucer</span> <span class='ocrx_word' id='word_1_51' title='bbox 559 1081 697 1170; x_wconf 84' lang='lat' dir='ltr'>patruelis</span> <span class='ocrx_word' id='word_1_52' title='bbox 712 1089 834 1151; x_wconf 84' lang='lat' dir='ltr'><strong>Achilli.</strong></span> 
     </span>
    </p>

    <p class='ocr_par' dir='ltr' id='par_1_9' title="bbox 100 1183 984 1361">
     <span class='ocr_line' id='line_1_9' title="bbox 100 1183 984 1266; baseline 0.003 -20"><span class='ocrx_word' id='word_1_53' title='bbox 100 1183 183 1246; x_wconf 91' lang='lat' dir='ltr'>Num</span> <span class='ocrx_word' id='word_1_54' title='bbox 199 1186 273 1266; x_wconf 88' lang='lat' dir='ltr'>petit</span> <span class='ocrx_word' id='word_1_55' title='bbox 287 1185 336 1246; x_wconf 89' lang='lat' dir='ltr'>ille</span> <span class='ocrx_word' id='word_1_56' title='bbox 351 1188 472 1246; x_wconf 86' lang='lat' dir='ltr'>tamen?</span> <span class='ocrx_word' id='word_1_57' title='bbox 495 1204 570 1246; x_wconf 87' lang='lat' dir='ltr'>num</span> <span class='ocrx_word' id='word_1_58' title='bbox 581 1198 690 1265; x_wconf 87' lang='lat' dir='ltr'>sperat,</span> <span class='ocrx_word' id='word_1_59' title='bbox 706 1199 738 1247; x_wconf 89' lang='lat' dir='ltr'>ut</span> <span class='ocrx_word' id='word_1_60' title='bbox 753 1184 865 1246; x_wconf 81' lang='lat' dir='ltr'>auferat</span> <span class='ocrx_word' id='word_1_61' title='bbox 880 1188 984 1249; x_wconf 82' lang='lat' dir='ltr'>arma?</span> 
     </span>
     <span class='ocr_line' id='line_1_10' title="bbox 143 1278 973 1361; baseline 0.005 -22"><span class='ocrx_word' id='word_1_62' title='bbox 143 1278 225 1359; x_wconf 87' lang='lat' dir='ltr'>Ergo</span> <span class='ocrx_word' id='word_1_63' title='bbox 239 1300 365 1361; x_wconf 87' lang='lat' dir='ltr'>operum</span> <span class='ocrx_word' id='word_1_64' title='bbox 381 1280 520 1361; x_wconf 86' lang='lat' dir='ltr'>quoniam</span> <span class='ocrx_word' id='word_1_65' title='bbox 534 1280 646 1341; x_wconf 93' lang='lat' dir='ltr'>nudum</span> <span class='ocrx_word' id='word_1_66' title='bbox 662 1293 812 1342; x_wconf 80' lang='lat' dir='ltr'>certamen</span> <span class='ocrx_word' id='word_1_67' title='bbox 828 1281 973 1358; x_wconf 81' lang='lat' dir='ltr'>habetur3</span> 
     </span>
    </p>
   </div>
   <div class='ocr_carea' id='block_1_3' title="bbox 1 1371 1073 1458">
    <p class='ocr_par' dir='ltr' id='par_1_10' title="bbox 1 1371 1073 1458">
     <span class='ocr_line' id='line_1_11' title="bbox 1 1371 1073 1458; baseline 0.007 -25"><span class='ocrx_word' id='word_1_68' title='bbox 1 1406 2 1411; x_wconf 19' lang='grc' dir='ltr'><strong><em>κ</em></strong></span> <span class='ocrx_word' id='word_1_69' title='bbox 99 1371 191 1434; x_wconf 85' lang='lat' dir='ltr'>Plura</span> <span class='ocrx_word' id='word_1_70' title='bbox 205 1373 325 1456; x_wconf 88' lang='lat' dir='ltr'>quidem</span> <span class='ocrx_word' id='word_1_71' title='bbox 339 1373 406 1451; x_wconf 88' lang='lat' dir='ltr'>feci,</span> <span class='ocrx_word' id='word_1_72' title='bbox 422 1376 511 1457; x_wconf 76' lang='lat' dir='ltr'>quarn</span> <span class='ocrx_word' id='word_1_73' title='bbox 526 1396 591 1458; x_wconf 75' lang='lat' dir='ltr'>quae</span> <span class='ocrx_word' id='word_1_74' title='bbox 606 1376 820 1458; x_wconf 80' lang='lat' dir='ltr'>comprendere</span> <span class='ocrx_word' id='word_1_75' title='bbox 834 1375 921 1438; x_wconf 88' lang='lat' dir='ltr'>dictis</span> <span class='ocrx_word' id='word_1_76' title='bbox 1018 1378 1073 1440; x_wconf 84' lang='lat'>160</span> 
     </span>
    </p>
   </div>
   <div class='ocr_carea' id='block_1_4' title="bbox 70 1466 1072 3547">
    <p class='ocr_par' dir='ltr' id='par_1_11' title="bbox 70 1466 1072 3547">
     <span class='ocr_line' id='line_1_12' title="bbox 100 1466 913 1551; baseline 0.005 -23"><span class='ocrx_word' id='word_1_77' title='bbox 100 1466 134 1528; x_wconf 93' lang='lat' dir='ltr'>In</span> <span class='ocrx_word' id='word_1_78' title='bbox 150 1482 288 1551; x_wconf 90' lang='lat' dir='ltr'>promptu</span> <span class='ocrx_word' id='word_1_79' title='bbox 302 1468 374 1529; x_wconf 93' lang='lat' dir='ltr'>mihi</span> <span class='ocrx_word' id='word_1_80' title='bbox 389 1470 442 1531; x_wconf 90' lang='lat' dir='ltr'>sit:</span> <span class='ocrx_word' id='word_1_81' title='bbox 465 1490 563 1530; x_wconf 89' lang='lat' dir='ltr'>rerum</span> <span class='ocrx_word' id='word_1_82' title='bbox 578 1482 678 1532; x_wconf 88' lang='lat' dir='ltr'>tamen</span> <span class='ocrx_word' id='word_1_83' title='bbox 693 1471 796 1533; x_wconf 91' lang='lat' dir='ltr'>ordine</span> <span class='ocrx_word' id='word_1_84' title='bbox 811 1471 913 1533; x_wconf 83' lang='lat' dir='ltr'>ducar.</span> 
     </span>
     <span class='ocr_line' id='line_1_13' title="bbox 99 1560 692 1645; baseline -0.002 -18"><span class='ocrx_word' id='word_1_85' title='bbox 99 1560 226 1627; x_wconf 79' lang='lat' dir='ltr'>Praescia</span> <span class='ocrx_word' id='word_1_86' title='bbox 241 1564 357 1625; x_wconf 89' lang='lat' dir='ltr'>venturi</span> <span class='ocrx_word' id='word_1_87' title='bbox 372 1565 499 1645; x_wconf 80' lang='lat' dir='ltr'>genitrix</span> <span class='ocrx_word' id='word_1_88' title='bbox 513 1564 626 1626; x_wconf 80' lang='lat' dir='ltr'>Nereia</span> <span class='ocrx_word' id='word_1_89' title='bbox 640 1565 692 1627; x_wconf 89' lang='lat' dir='ltr'>leti</span> 
     </span>
     <span class='ocr_line' id='line_1_14' title="bbox 100 1657 844 1740; baseline 0.001 -20"><span class='ocrx_word' id='word_1_90' title='bbox 100 1657 273 1720; x_wconf 80' lang='lat' dir='ltr'>Dissimulet</span> <span class='ocrx_word' id='word_1_91' title='bbox 287 1658 369 1721; x_wconf 90' lang='lat' dir='ltr'>cultu</span> <span class='ocrx_word' id='word_1_92' title='bbox 384 1672 496 1720; x_wconf 88' lang='lat' dir='ltr'>natum.</span> <span class='ocrx_word' id='word_1_93' title='bbox 543 1658 715 1740; x_wconf 86' lang='lat' dir='ltr'>Deccperat</span> <span class='ocrx_word' id='word_1_94' title='bbox 729 1679 844 1737; x_wconf 90' lang='lat' dir='ltr'>omnes,</span> 
     </span>
     <span class='ocr_line' id='line_1_15' title="bbox 99 1751 789 1834; baseline 0.001 -21"><span class='ocrx_word' id='word_1_95' title='bbox 99 1751 135 1813; x_wconf 92' lang='lat' dir='ltr'>ln</span> <span class='ocrx_word' id='word_1_96' title='bbox 150 1752 254 1834; x_wconf 91' lang='lat' dir='ltr'>quibus</span> <span class='ocrx_word' id='word_1_97' title='bbox 269 1751 408 1834; x_wconf 86' lang='lat' dir='ltr'>Ajacem,</span> <span class='ocrx_word' id='word_1_98' title='bbox 423 1765 547 1832; x_wconf 78' lang='lat' dir='ltr'>sumpte</span> <span class='ocrx_word' id='word_1_99' title='bbox 558 1753 674 1815; x_wconf 82' lang='lat' dir='ltr'>fallacia</span> <span class='ocrx_word' id='word_1_100' title='bbox 689 1755 789 1814; x_wconf 73' lang='lat' dir='ltr'>vestis·</span> 
     </span>
     <span class='ocr_line' id='line_1_16' title="bbox 99 1845 1072 1933; baseline 0.009 -27"><span class='ocrx_word' id='word_1_101' title='bbox 99 1845 194 1908; x_wconf 87' lang='lat' dir='ltr'>Arma</span> <span class='ocrx_word' id='word_1_102' title='bbox 208 1845 436 1933; x_wconf 23' lang='lat' dir='ltr'>egoxloemineis,</span> <span class='ocrx_word' id='word_1_103' title='bbox 452 1847 582 1907; x_wconf 90' lang='lat' dir='ltr'>animum</span> <span class='ocrx_word' id='word_1_104' title='bbox 597 1860 712 1908; x_wconf 89' lang='lat' dir='ltr'>motura</span> <span class='ocrx_word' id='word_1_105' title='bbox 727 1847 851 1924; x_wconf 90' lang='lat' dir='ltr'>virilem,</span> <span class='ocrx_word' id='word_1_106' title='bbox 1016 1852 1072 1914; x_wconf 76' lang='lat'>165</span> 
     </span>
     <span class='ocr_line' id='line_1_17' title="bbox 70 1939 932 2025; baseline 0.003 -23"><span class='ocrx_word' id='word_1_107' title='bbox 70 1967 74 1979; x_wconf 68' lang='lat'>=</span> <span class='ocrx_word' id='word_1_108' title='bbox 99 1939 250 2002; x_wconf 88' lang='lat' dir='ltr'>Mercibus</span> <span class='ocrx_word' id='word_1_109' title='bbox 264 1941 381 2002; x_wconf 89' lang='lat' dir='ltr'>inserui.</span> <span class='ocrx_word' id='word_1_110' title='bbox 427 1939 536 2022; x_wconf 90' lang='lat' dir='ltr'>Neque</span> <span class='ocrx_word' id='word_1_111' title='bbox 552 1941 649 2003; x_wconf 90' lang='lat' dir='ltr'>adhuc</span> <span class='ocrx_word' id='word_1_112' title='bbox 665 1942 828 2025; x_wconf 87' lang='lat' dir='ltr'>projecerat</span> <span class='ocrx_word' id='word_1_113' title='bbox 843 1943 932 2006; x_wconf 91' lang='lat' dir='ltr'>heros</span> 
     </span>
     <span class='ocr_line' id='line_1_18' title="bbox 100 2035 955 2119; baseline 0.007 -23"><span class='ocrx_word' id='word_1_114' title='bbox 100 2035 257 2116; x_wconf 78' lang='lat' dir='ltr'>Virgineos</span> <span class='ocrx_word' id='word_1_115' title='bbox 271 2037 398 2110; x_wconf 81' lang='lat' dir='ltr'>habitus,</span> <span class='ocrx_word' id='word_1_116' title='bbox 413 2037 482 2097; x_wconf 82' lang='lat' dir='ltr'>clim</span> <span class='ocrx_word' id='word_1_117' title='bbox 495 2056 627 2116; x_wconf 87' lang='lat' dir='ltr'>parmam</span> <span class='ocrx_word' id='word_1_118' title='bbox 642 2036 816 2119; x_wconf 84' lang='lat' dir='ltr'>hastamque</span> <span class='ocrx_word' id='word_1_119' title='bbox 831 2042 955 2117; x_wconf 89' lang='lat' dir='ltr'>tenenti,</span> 
     </span>
     <span class='ocr_line' id='line_1_19' title="bbox 99 2129 854 2211; baseline 0.004 -20"><span class='ocrx_word' id='word_1_120' title='bbox 99 2129 208 2191; x_wconf 88' lang='lat' dir='ltr'>“Nate</span> <span class='ocrx_word' id='word_1_121' title='bbox 224 2130 312 2205; x_wconf 51' lang='lat' dir='ltr'>des?</span> <span class='ocrx_word' id='word_1_122' title='bbox 329 2131 400 2204; x_wconf 88' lang='lat' dir='ltr'>dixi,</span> <span class='ocrx_word' id='word_1_123' title='bbox 417 2136 436 2166; x_wconf 88' lang='lat'><strong>“</strong></span> <span class='ocrx_word' id='word_1_124' title='bbox 445 2130 497 2190; x_wconf 94' lang='lat' dir='ltr'>tibi</span> <span class='ocrx_word' id='word_1_125' title='bbox 512 2150 545 2190; x_wconf 91' lang='lat' dir='ltr'>se</span> <span class='ocrx_word' id='word_1_126' title='bbox 560 2132 689 2211; x_wconf 88' lang='lat' dir='ltr'>peritura</span> <span class='ocrx_word' id='word_1_127' title='bbox 703 2147 854 2194; x_wconf 87' lang='lat' dir='ltr'>reservant</span> 
     </span>
     <span class='ocr_line' id='line_1_20' title="bbox 99 2222 1014 2313; baseline 0.01 -28"><span class='ocrx_word' id='word_1_128' title='bbox 99 2224 256 2304; x_wconf 86' lang='lat' dir='ltr'>Pergama.</span> <span class='ocrx_word' id='word_1_129' title='bbox 300 2222 387 2294; x_wconf 81' lang='lat' dir='ltr'>Quid</span> <span class='ocrx_word' id='word_1_130' title='bbox 401 2222 517 2283; x_wconf 87' lang='lat' dir='ltr'>dubitas</span> <span class='ocrx_word' id='word_1_131' title='bbox 532 2225 682 2305; x_wconf 81' lang='lat' dir='ltr'>ingentem</span> <span class='ocrx_word' id='word_1_132' title='bbox 697 2242 831 2289; x_wconf 89' lang='lat' dir='ltr'>evertere</span> <span class='ocrx_word' id='word_1_133' title='bbox 846 2228 970 2313; x_wconf 84' lang='lat' dir='ltr'>Trojarn</span> <span class='ocrx_word' id='word_1_134' title='bbox 979 2231 1014 2294; x_wconf 80' lang='lat'>?&#39;&#39;</span> 
     </span>
     <span class='ocr_line' id='line_1_21' title="bbox 97 2316 1072 2401; baseline 0.008 -21"><span class='ocrx_word' id='word_1_135' title='bbox 97 2316 251 2401; x_wconf 89' lang='lat' dir='ltr'>Injecique</span> <span class='ocrx_word' id='word_1_136' title='bbox 267 2337 399 2393; x_wconf 86' lang='lat' dir='ltr'>menum,</span> <span class='ocrx_word' id='word_1_137' title='bbox 417 2316 582 2401; x_wconf 85' lang='lat' dir='ltr'>sortemque</span> <span class='ocrx_word' id='word_1_138' title='bbox 598 2321 635 2381; x_wconf 88' lang='lat' dir='ltr'>ad</span> <span class='ocrx_word' id='word_1_139' title='bbox 650 2320 734 2383; x_wconf 87' lang='lat' dir='ltr'>fortia</span> <span class='ocrx_word' id='word_1_140' title='bbox 749 2324 824 2384; x_wconf 87' lang='lat' dir='ltr'>misi.</span> <span class='ocrx_word' id='word_1_141' title='bbox 1016 2329 1072 2388; x_wconf 77' lang='lat'>170</span> 
     </span>
     <span class='ocr_line' id='line_1_22' title="bbox 98 2413 941 2499; baseline 0.005 -23"><span class='ocrx_word' id='word_1_142' title='bbox 98 2413 180 2495; x_wconf 88' lang='lat' dir='ltr'>Ergo</span> <span class='ocrx_word' id='word_1_143' title='bbox 195 2434 286 2496; x_wconf 90' lang='lat' dir='ltr'>opera</span> <span class='ocrx_word' id='word_1_144' title='bbox 301 2413 377 2477; x_wconf 92' lang='lat' dir='ltr'>illius</span> <span class='ocrx_word' id='word_1_145' title='bbox 391 2435 459 2475; x_wconf 88' lang='lat' dir='ltr'>mea</span> <span class='ocrx_word' id='word_1_146' title='bbox 473 2429 551 2477; x_wconf 88' lang='lat' dir='ltr'>sunt.</span> <span class='ocrx_word' id='word_1_147' title='bbox 597 2415 664 2496; x_wconf 82' lang='lat' dir='ltr'>Ego</span> <span class='ocrx_word' id='word_1_148' title='bbox 678 2417 837 2499; x_wconf 86' lang='lat' dir='ltr'>Telephon</span> <span class='ocrx_word' id='word_1_149' title='bbox 853 2418 941 2480; x_wconf 69' lang='lat' dir='ltr'>hastis</span> 
     </span>
     <span class='ocr_line' id='line_1_23' title="bbox 98 2508 880 2595; baseline 0.001 -23"><span class='ocrx_word' id='word_1_150' title='bbox 98 2508 287 2591; x_wconf 80' lang='lat' dir='ltr'>Pugnantem</span> <span class='ocrx_word' id='word_1_151' title='bbox 304 2510 423 2572; x_wconf 86' lang='lat' dir='ltr'>domui:</span> <span class='ocrx_word' id='word_1_152' title='bbox 447 2511 557 2573; x_wconf 90' lang='lat' dir='ltr'>victum</span> <span class='ocrx_word' id='word_1_153' title='bbox 573 2526 765 2595; x_wconf 85' lang='lat' dir='ltr'>orantemque</span> <span class='ocrx_word' id='word_1_154' title='bbox 780 2513 880 2575; x_wconf 79' lang='lat' dir='ltr'>refeci.</span> 
     </span>
     <span class='ocr_line' id='line_1_24' title="bbox 141 2605 1071 2686; baseline 0.008 -20"><span class='ocrx_word' id='word_1_155' title='bbox 141 2605 236 2676; x_wconf 81' lang='lat' dir='ltr'>Qubd</span> <span class='ocrx_word' id='word_1_156' title='bbox 250 2605 365 2671; x_wconf 76' lang='lat' dir='ltr'>Thebae</span> <span class='ocrx_word' id='word_1_157' title='bbox 379 2605 527 2680; x_wconf 73' lang='lat' dir='ltr'>cecidere,</span> <span class='ocrx_word' id='word_1_158' title='bbox 543 2627 643 2666; x_wconf 91' lang='lat' dir='ltr'>meum</span> <span class='ocrx_word' id='word_1_159' title='bbox 659 2621 721 2682; x_wconf 77' lang='lat' dir='ltr'>est,</span> <span class='ocrx_word' id='word_1_160' title='bbox 752 2628 801 2668; x_wconf 90' lang='lat' dir='ltr'>me</span> <span class='ocrx_word' id='word_1_161' title='bbox 815 2608 927 2670; x_wconf 90' lang='lat' dir='ltr'>credite</span> <span class='ocrx_word' id='word_1_162' title='bbox 942 2608 1071 2686; x_wconf 86' lang='lat' dir='ltr'>Lesbon,</span> 
     </span>
     <span class='ocr_line' id='line_1_25' title="bbox 97 2692 1011 2785; baseline 0.009 -25"><span class='ocrx_word' id='word_1_163' title='bbox 97 2697 152 2760; x_wconf 92' lang='lat' dir='ltr'>Me</span> <span class='ocrx_word' id='word_1_164' title='bbox 166 2692 551 2779; x_wconf 81' lang='lat' dir='ltr'>Tenedon,Chrysenque,</span> <span class='ocrx_word' id='word_1_165' title='bbox 561 2712 598 2760; x_wconf 76' lang='lat' dir='ltr'>&#39;et</span> <span class='ocrx_word' id='word_1_166' title='bbox 612 2699 734 2781; x_wconf 90' lang='lat' dir='ltr'>Cyllan,</span> <span class='ocrx_word' id='word_1_167' title='bbox 752 2702 897 2785; x_wconf 81' lang='lat' dir='ltr'>Apollinis</span> <span class='ocrx_word' id='word_1_168' title='bbox 911 2703 1011 2782; x_wconf 84' lang='lat' dir='ltr'>urbes,</span> 
     </span>
     <span class='ocr_line' id='line_1_26' title="bbox 98 2783 1071 2876; baseline 0.002 -21"><span class='ocrx_word' id='word_1_169' title='bbox 98 2793 139 2855; x_wconf 86' lang='lat' dir='ltr'>Et</span> <span class='ocrx_word' id='word_1_170' title='bbox 155 2796 252 2876; x_wconf 89' lang='lat' dir='ltr'>Syron</span> <span class='ocrx_word' id='word_1_171' title='bbox 268 2795 399 2876; x_wconf 86' lang='lat' dir='ltr'>cepisse:</span> <span class='ocrx_word' id='word_1_172' title='bbox 423 2792 492 2854; x_wconf 74' lang='lat' dir='ltr'>med</span> <span class='ocrx_word' id='word_1_173' title='bbox 506 2814 649 2855; x_wconf 88' lang='lat' dir='ltr'>concussa</span> <span class='ocrx_word' id='word_1_174' title='bbox 663 2809 765 2876; x_wconf 87' lang='lat' dir='ltr'>putate</span> <span class='ocrx_word' id='word_1_175' title='bbox 852 2783 856 2793; x_wconf 42' lang='lat'>⁸</span> <span class='ocrx_word' id='word_1_176' title='bbox 1014 2802 1071 2864; x_wconf 82' lang='lat'>1¹15</span> 
     </span>
     <span class='ocr_line' id='line_1_27' title="bbox 97 2889 786 2979; baseline 0.001 -27"><span class='ocrx_word' id='word_1_177' title='bbox 97 2890 293 2952; x_wconf 89' lang='lat' dir='ltr'>Procubuisse</span> <span class='ocrx_word' id='word_1_178' title='bbox 308 2890 371 2951; x_wconf 90' lang='lat' dir='ltr'>solo</span> <span class='ocrx_word' id='word_1_179' title='bbox 385 2889 532 2979; x_wconf 74' lang='lat' dir='ltr'>Lyrnesia</span> <span class='ocrx_word' id='word_1_180' title='bbox 547 2890 657 2952; x_wconf 88' lang='lat' dir='ltr'>moenia</span> <span class='ocrx_word' id='word_1_181' title='bbox 671 2891 786 2953; x_wconf 73' lang='lat' dir='ltr'>dextri.</span> 
     </span>
     <span class='ocr_line' id='line_1_28' title="bbox 96 2984 886 3071; baseline 0.004 -24"><span class='ocrx_word' id='word_1_182' title='bbox 96 2984 199 3069; x_wconf 88' lang='lat' dir='ltr'>thue</span> <span class='ocrx_word' id='word_1_183' title='bbox 214 2986 283 3047; x_wconf 86' lang='lat' dir='ltr'>alias</span> <span class='ocrx_word' id='word_1_184' title='bbox 298 2999 433 3062; x_wconf 84' lang='lat' dir='ltr'>taceam3</span> <span class='ocrx_word' id='word_1_185' title='bbox 456 2987 630 3069; x_wconf 77' lang='lat' dir='ltr'>qui‘saevum</span> <span class='ocrx_word' id='word_1_186' title='bbox 645 2987 769 3070; x_wconf 88' lang='lat' dir='ltr'>perdere</span> <span class='ocrx_word' id='word_1_187' title='bbox 785 3002 886 3071; x_wconf 90' lang='lat' dir='ltr'>posset</span> 
     </span>
     <span class='ocr_line' id='line_1_29' title="bbox 96 3079 1056 3166; baseline 0.006 -25"><span class='ocrx_word' id='word_1_188' title='bbox 96 3079 237 3156; x_wconf 86' lang='lat' dir='ltr'>Hectora,</span> <span class='ocrx_word' id='word_1_189' title='bbox 251 3101 360 3161; x_wconf 89' lang='lat' dir='ltr'>nempe</span> <span class='ocrx_word' id='word_1_190' title='bbox 375 3082 459 3142; x_wconf 89' lang='lat' dir='ltr'>dedi:</span> <span class='ocrx_word' id='word_1_191' title='bbox 484 3103 537 3162; x_wconf 91' lang='lat' dir='ltr'>per</span> <span class='ocrx_word' id='word_1_192' title='bbox 552 3104 600 3144; x_wconf 91' lang='lat' dir='ltr'>me</span> <span class='ocrx_word' id='word_1_193' title='bbox 610 3082 692 3166; x_wconf 84' lang='lat' dir='ltr'>jacet</span> <span class='ocrx_word' id='word_1_194' title='bbox 707 3085 833 3165; x_wconf 86' lang='lat' dir='ltr'>inclytus</span> <span class='ocrx_word' id='word_1_195' title='bbox 849 3082 976 3154; x_wconf 82' lang='lat' dir='ltr'>Hector.</span> <span class='ocrx_word' id='word_1_196' title='bbox 1052 3154 1056 3161; x_wconf 12' lang='lat' dir='ltr'>p</span> 
     </span>
     <span class='ocr_line' id='line_1_30' title="bbox 95 3175 836 3257; baseline 0.008 -21"><span class='ocrx_word' id='word_1_197' title='bbox 95 3175 156 3237; x_wconf 89' lang='lat' dir='ltr'>Illis</span> <span class='ocrx_word' id='word_1_198' title='bbox 171 3178 234 3238; x_wconf 86' lang='lat' dir='ltr'>haee</span> <span class='ocrx_word' id='word_1_199' title='bbox 248 3175 345 3250; x_wconf 90' lang='lat' dir='ltr'>armis,</span> <span class='ocrx_word' id='word_1_200' title='bbox 361 3176 465 3256; x_wconf 90' lang='lat' dir='ltr'>quibus</span> <span class='ocrx_word' id='word_1_201' title='bbox 479 3190 525 3237; x_wconf 90' lang='lat' dir='ltr'>est</span> <span class='ocrx_word' id='word_1_202' title='bbox 540 3179 676 3240; x_wconf 90' lang='lat' dir='ltr'>inventus</span> <span class='ocrx_word' id='word_1_203' title='bbox 691 3180 836 3257; x_wconf 84' lang='lat' dir='ltr'>Achilles,</span> 
     </span>
     <span class='ocr_line' id='line_1_31' title="bbox 96 3270 1072 3359; baseline 0.005 -25"><span class='ocrx_word' id='word_1_204' title='bbox 96 3273 189 3334; x_wconf 86' lang='lat' dir='ltr'>Arma</span> <span class='ocrx_word' id='word_1_205' title='bbox 205 3285 292 3355; x_wconf 90' lang='lat' dir='ltr'>peto:</span> <span class='ocrx_word' id='word_1_206' title='bbox 317 3270 392 3352; x_wconf 85' lang='lat' dir='ltr'>vivo</span> <span class='ocrx_word' id='word_1_207' title='bbox 401 3270 551 3346; x_wconf 89' lang='lat' dir='ltr'>dederam,</span> <span class='ocrx_word' id='word_1_208' title='bbox 568 3286 634 3353; x_wconf 88' lang='lat' dir='ltr'>post</span> <span class='ocrx_word' id='word_1_209' title='bbox 648 3273 707 3336; x_wconf 83' lang='lat' dir='ltr'>sata</span> <span class='ocrx_word' id='word_1_210' title='bbox 721 3297 853 3359; x_wconf 87' lang='lat' dir='ltr'>reposco.</span> <span class='ocrx_word' id='word_1_211' title='bbox 1013 3277 1072 3341; x_wconf 76' lang='lat'>18⁰</span> 
     </span>
     <span class='ocr_line' id='line_1_32' title="bbox 138 3360 846 3448; baseline 0.001 -17"><span class='ocrx_word' id='word_1_212' title='bbox 138 3368 183 3431; x_wconf 92' lang='lat' dir='ltr'>Ut</span> <span class='ocrx_word' id='word_1_213' title='bbox 198 3370 281 3431; x_wconf 92' lang='lat' dir='ltr'>dolor</span> <span class='ocrx_word' id='word_1_214' title='bbox 294 3368 379 3429; x_wconf 87' lang='lat' dir='ltr'>unius</span> <span class='ocrx_word' id='word_1_215' title='bbox 395 3360 516 3428; x_wconf 83' lang='lat' dir='ltr'>Danaos</span> <span class='ocrx_word' id='word_1_216' title='bbox 532 3371 665 3448; x_wconf 88' lang='lat' dir='ltr'>pervenit</span> <span class='ocrx_word' id='word_1_217' title='bbox 681 3371 718 3432; x_wconf 87' lang='lat' dir='ltr'>ad</span> <span class='ocrx_word' id='word_1_218' title='bbox 733 3392 846 3447; x_wconf 87' lang='lat' dir='ltr'>omnes,</span> 
     </span>
     <span class='ocr_line' id='line_1_33' title="bbox 97 3462 884 3547; baseline 0.005 -22"><span class='ocrx_word' id='word_1_219' title='bbox 97 3463 267 3547; x_wconf 68' lang='lat' dir='ltr'>Aulidaque</span> <span class='ocrx_word' id='word_1_220' title='bbox 283 3462 451 3526; x_wconf 81' lang='lat' dir='ltr'>Euboicam</span> <span class='ocrx_word' id='word_1_221' title='bbox 466 3465 652 3546; x_wconf 72' lang='lat' dir='ltr'>complerunt</span> <span class='ocrx_word' id='word_1_222' title='bbox 668 3468 747 3528; x_wconf 90' lang='lat' dir='ltr'>mille</span> <span class='ocrx_word' id='word_1_223' title='bbox 762 3468 866 3529; x_wconf 85' lang='lat' dir='ltr'>carine</span> <span class='ocrx_word' id='word_1_224' title='bbox 875 3488 884 3544; x_wconf 90' lang='lat'>;</span> 
     </span>
    </p>
   </div>
   <div class='ocr_carea' id='block_1_5' title="bbox 0 0 1178 4102">
    <p class='ocr_par' dir='ltr' id='par_1_12' title="bbox 0 0 1178 4102">
     <span class='ocr_line' id='line_1_34' title="bbox 0 0 1178 4102; baseline 0 1"><span class='ocrx_word' id='word_1_225' title='bbox 0 0 1178 4102; x_wconf 95' lang='lat' dir='ltr'> </span> 
     </span>
    </p>
   </div>
  </div>
 </body>
</html>
