2348 4102
552 370 659 422 LIBER
677 368 695 421 l.

103 538 106 543 ’
135 515 201 579 Ver
214 531 276 579 erat
290 530 440 594 eremum,
455 519 621 602 placidique
636 521 804 602 tepentibus
819 521 894 582 auris

133 613 309 676 Mulcebant
324 614 448 696 zephyri
462 628 544 676 natos
560 616 622 677 sine
637 617 749 678 semine
764 617 861 678 flores.

133 708 212 771 Mox
227 711 316 771 etiam
330 709 427 790 sruges
442 711 528 772 tellus
542 712 653 773 inarata
666 711 792 774 ferebat:

132 803 164 866 N
166 826 202 867 ec
216 819 372 867 renovatus
387 827 457 886 ager
471 808 596 886 gravidis
611 809 735 870 canebat
750 810 854 870 aristis.
1048 811 1110 874 111)

133 899 273 962 Flumina
283 901 346 984 jam
360 902 453 976 lactis,
465 902 528 985 jam
542 903 664 964 flumina
678 905 803 964 nectaris
818 905 914 965 ibant:
983 889 990 897 ⁸

133 995 287 1078 Flavaque
303 997 340 1057 de
356 997 439 1058 viridi
454 998 600 1058 stillabant
615 998 681 1058 ilice
696 999 794 1059 mella.

176 1091 349 1175 Postquam,
365 1093 490 1155 Saturno
504 1096 659 1173 tenebrosa
672 1095 702 1155 in
717 1095 841 1188 Tartara
854 1096 954 1172 misso,
985 1158 991 1169 ,

133 1187 196 1249 Sub
211 1187 289 1250 Jove
304 1191 430 1251 mundus
446 1203 526 1266 erat3
548 1191 637 1252 subiit
651 1205 791 1271 argentea
805 1193 912 1275 proles,
949 1228 969 1239 -·

132 1283 217 1344 Auro
232 1284 367 1361 deterior,
382 1283 463 1346 fulvo
478 1287 631 1367 pretiosior
645 1308 711 1348 aere.
726 1334 730 1339 .
1046 1287 1107 1349 115

131 1379 252 1463 Jupiter
266 1381 377 1463 antiqui
390 1384 536 1444 contraxit
550 1396 684 1465 tempora
699 1383 792 1445 veris:

132 1475 252 1559 Perque
268 1477 392 1554 hiemes,
407 1491 562 1560 aestusque,
578 1491 608 1540 et
623 1479 779 1560 inaequales
795 1492 960 1555 autumnos,

133 1571 175 1634 Et
187 1573 278 1634 breve
294 1594 357 1648 ver,
372 1574 472 1654 spatiis
487 1575 587 1653 exegit
602 1588 725 1655 quatuor
739 1596 859 1634 annum.

132 1668 214 1730 Turn
228 1668 358 1751 primum
372 1669 456 1730 siccis
472 1672 523 1730 ae'r
537 1668 699 1730 fervoribus
712 1681 794 1730 ustus

61 1780 64 1784 '
133 1763 281 1826 Canduit:
305 1777 335 1824 et
351 1765 445 1826 ventis
459 1765 567 1846 glacies
582 1765 719 1827 adstricta
732 1764 884 1848 pependit.
1046 1769 1107 1831 120

132 1859 355 1941 'Il1mprimlnn
370 1861 484 1922 subiere
500 1861 613 1922 domos·
659 1861 775 1922 Domus
790 1875 874 1924 antra
894 1860 1020 1941 fuerunt,

132 1955 175 2017 Et
189 1955 272 2016 densi
286 1955 414 2032 frutices,
429 1970 459 2018 et
474 1957 579 2018 vincte
593 1957 702 2017 cortice
717 1957 814 2036 virgae.

132 2051 254 2114 Semina
267 2064 331 2113 tum
345 2052 471 2134 primdm
485 2053 579 2134 longis
594 2051 730 2113 Cerealia
746 2051 833 2113 sulcis

132 2147 249 2210 Obruta
262 2162 339 2224 sunt,
354 2149 589 2233 pressiquajugo
604 2149 744 2230 gemuere
759 2147 892 2231 juvenci.

174 2244 279 2306 Tertia
293 2258 359 2327 post
373 2246 435 2309 illas
449 2247 589 2308 successit
603 2249 698 2307 aenea
711 2246 819 2329 proleS,
871 2232 874 2237 ¹
1046 2249 1106 2310 125

133 2341 243 2403 Sevior
258 2342 391 2422 ingeniis,
407 2354 437 2403 et
452 2342 490 2402 ad
504 2342 620 2402 horrida
634 2342 795 2424 promptior
809 2362 907 2416 arma3

134 2435 200 2500 Nec
213 2437 357 2499 scelerata
371 2450 481 2497 tamen.
525 2437 575 2497 De
590 2437 663 2498 duro
678 2452 722 2497 est
736 2438 839 2498 ultima
852 2436 938 2498 ferro.

133 2533 270 2595 Protinus
285 2532 418 2614 irrumpit
435 2553 517 2593 venae
532 2530 639 2614 pejoris
655 2532 684 2592 in
700 2553 795 2592 aevurn
861 2544 873 2569 ·

133 2629 232 2692 Omne
246 2629 344 2691 nefas:
369 2628 469 2710 sugere
485 2628 589 2711 pudor,
604 2649 776 2710 verumque,
791 2627 938 2711 fidesque:

133 2725 168 2787 ln
184 2748 308 2809 quorum
323 2726 439 2787 subiere
453 2726 551 2787 locum
566 2723 751 2807 fraudesque,
766 2724 894 2807 dolique,
1047 2727 1107 2789 130

133 2821 318 2905 Insidiaeque,
333 2836 364 2883 et
379 2822 432 2898 vie,
448 2835 479 2882 et
494 2843 575 2882 amor
589 2822 747 2883 sceleratus
763 2820 900 2882 habendi.

136 2917 213 2980 Vela
228 2919 316 2980 dabat
331 2919 435 2994 ventis,
450 2939 506 2979 nec
518 2917 614 2978 adhuc
630 2919 706 2978 bene
722 2928 844 2977 noverat
858 2916 922 2976 illos

136 3013 260 3077 Navita:
284 3035 406 3098 quaeque
422 3013 472 3074 diu
487 3026 627 3073 steterant
642 3012 672 3072 in
686 3010 833 3072 montibus
849 3010 922 3086 alde,

134 3109 289 3173 Fluctibus
303 3111 409 3192 ignotis
425 3108 600 3171 insultavere
615 3108 730 3169 carinae.

135 3206 393 3290 Communemque
408 3207 498 3290 priris,
514 3227 569 3268 ceu
584 3205 693 3267 lumina
712 3203 779 3266 solis
794 3217 824 3265 et
840 3224 933 3280 auras,
1047 3203 1108 3266 135

135 3302 250 3366 Cautus
264 3305 388 3366 humum
402 3305 491 3384 longo
505 3303 629 3384 signavit
644 3302 736 3363 limite
751 3323 879 3363 mensor.

134 3400 201 3464 Nec
215 3402 330 3462 tantum
345 3412 461 3481 segetes
476 3399 674 3481 alimentaque
690 3398 790 3459 debita
805 3397 886 3457 dives

133 3495 319 3560 Poscebatnr
332 3497 459 3573 humus;
480 3495 533 3558 sed
547 3495 620 3558 itum
635 3508 680 3557 est
694 3495 724 3556 in
740 3494 852 3555 viscera
865 3506 964 3554 terre:

393 3596 408 3654 1
422 3593 442 3633 e
