2348 4102
98 312 161 375 174
525 319 641 372 marr,

96 465 160 532 Sex
176 469 303 547 Remus,
318 469 366 532 hic
381 469 514 531 volucres
527 469 573 532 bis
587 490 642 531 sex
658 469 738 530 videt
751 468 871 530 ordine:
894 481 986 552 pacto

138 566 254 629 Statur:
278 580 308 628 et
322 566 471 629 arbitrium
486 565 634 627 Romulus
648 565 727 627 urbis
742 564 843 626 habet.
1034 568 1075 628 9⁰

95 663 180 746 Apta
194 663 256 725 dies
270 663 387 744 legitur,
402 662 462 746 qud
474 662 584 724 moenia
599 662 694 743 signet
709 674 815 722 aratro.

137 758 228 821 Sacra
241 759 323 820 Palis
337 760 493 820 suberant:
517 757 586 819 inde
600 771 737 819 movetur
751 777 838 839 opus.

95 853 170 918 lude
186 875 325 937 premens
340 855 445 916 stivam
460 854 593 934 designat
607 853 718 915 moenia
732 852 832 914 sulco:

139 951 218 1013 Alba
229 951 336 1036 jugum
349 952 438 1013 niveo
452 971 521 1013 cum
536 950 613 1012 bove
629 969 719 1010 vacca
737 947 813 1010 tulit.

19 1120 26 1143 Ι
97 1045 170 1110 Vox
184 1046 238 1109 fuit
252 1049 315 1110 haec
330 1047 441 1128 Regis:
465 1045 645 1120 ‘Condenti,
661 1043 790 1126 Jupiter,
804 1043 921 1119 urbem,
1033 1046 1072 1106 95

139 1141 182 1205 Et
196 1145 310 1224 genitor
324 1141 458 1219 Mavors,
473 1141 627 1224 Vestaque
642 1153 746 1215 mater,
760 1139 849 1201 ades:
904 1156 909 1165 ¹

96 1236 243 1322 Quosque
257 1240 340 1321 pium
356 1252 401 1300 est
415 1238 554 1299 adhibere
569 1236 651 1312 deos,
666 1235 810 1297 advertite
825 1235 944 1298 cuncti:

138 1332 320 1417 Auspicibus
335 1334 417 1395 vobis
432 1334 489 1395 hoc
503 1333 576 1393 mihi
591 1344 690 1412 surgat
704 1352 791 1413 opus.

95 1427 203 1511 Longa
216 1429 336 1492 sithuic
351 1443 430 1506 aetas,
445 1428 628 1510 dominaque
644 1428 776 1510 potentia
789 1429 874 1490 terrai
882 1447 890 1489 :

139 1525 244 1610 Sitque
259 1527 314 1588 sub
328 1527 385 1588 h'dc
400 1526 495 1589 oriens
510 1525 710 1607 occiduusque
725 1522 809 1585 dies!
1015 1525 1071 1585 100

97 1621 152 1685 Ille
167 1624 350 1706 precabatur.
393 1620 520 1684 Touitru
536 1621 616 1683 dedit
630 1620 728 1683 omina
741 1618 816 1682 lavo

140 1718 274 1801 Jupiter:
297 1732 328 1781 et
341 1719 416 1780 laevo
430 1716 550 1779 fulmina
564 1717 653 1779 missa
667 1716 747 1798 polo.

97 1814 233 1895 Augurio
246 1815 304 1877 laeti
314 1814 429 1898 jaciunt
443 1812 622 1874 fundamina.
630 1813 731 1887 cives;

141 1909 184 1972 Et
197 1932 292 1972 novus
307 1911 417 1991 exiguo
431 1923 565 1992 tempore
580 1929 680 1970 murus
697 1919 771 1969 erat.

99 2005 168 2069 Hoc
183 2005 275 2068 Celer
289 2020 373 2086 urget
387 2027 473 2090 opus,
489 2026 579 2088 quem
593 2004 742 2070 Romulus
756 2003 820 2086 ipso
836 2001 976 2078 voudrat3
1014 2001 1071 2064 105
1137 2070 1138 2075 η

142 2102 296 2185 ‘Siutque,
311 2101 413 2177 Celer,
428 2101 526 2176 curae,'
542 2101 666 2176 dixerat,
683 2101 755 2161 ‘ista
768 2097 848 2161 tua!
935 2134 938 2140 ·

98 2197 187 2261 Neve
204 2197 268 2278 quis
282 2209 333 2257 aut
348 2216 458 2271 muros,
473 2195 644 2265 aut,factam
659 2215 780 2256 vomere
795 2193 903 2257 fossam
943 2212 947 2219 ·

139 2292 303 2353 Transeat:
327 2289 485 2352 audentem
500 2290 568 2351 talia
583 2290 659 2351 dede
674 2291 752 2352 neci.

99 2385 192 2463 Quod
208 2387 324 2449 Remus
338 2387 483 2469 ignorans,
499 2387 626 2448 humiles
641 2401 831 2449 contemnere
845 2376 963 2448 murbs'
1111 2380 1139 2400 ⁴

141 2483 263 2567 Coepit:
287 2498 328 2560 et,
344 2482 419 2546 ‘His
434 2484 581 2569 populus‚'
598 2483 707 2559 dicere,
722 2491 731 2560 ἔ
740 2495 821 2545 tutus
837 2482 924 2544 eriti'
978 2474 987 2497 ³
1016 2474 1074 2544 llo

99 2578 167 2643 Nec
181 2601 273 2656 mora,
288 2579 440 2641 transiluit.
485 2579 581 2642 Rutro
596 2579 688 2642 Celer
701 2592 829 2661 occupat
842 2598 958 2640 ausum.
1059 2650 1070 2661 „

141 2674 197 2735 Ille
212 2676 319 2754 premit
334 2674 436 2735 duram
451 2675 690 2754 sanguinolentus
704 2677 849 2738 humum·
1048 2670 1051 2675 ¹

100 2769 175 2832 Hac
190 2771 239 2831 ubi
254 2769 327 2831 Rex
342 2770 453 2847 didicit,
468 2771 612 2852 lacrymas
627 2772 764 2835 introrsus
779 2772 895 2834 obortas

142 2864 286 2943 Devorat,
301 2881 331 2929 et
345 2867 478 2928 clausum
492 2879 612 2949 pectore
628 2867 732 2929 vulnus
747 2869 847 2930 habet.

99 2962 189 3026 Flere
204 2965 300 3044 palam
316 2987 375 3026 non
390 2966 462 3041 vult,
477 2965 675 3047 exemplaque
691 2964 774 3026 fortia
788 2978 904 3027 servat:
1016 2966 1075 3026 115

141 3060 271 3142 ‘Sicque
285 3081 367 3122 meos
382 3082 482 3123 muros
496 3074 624 3123 transeat
639 3061 750 3138 hostis,'
767 3062 816 3123 ait.

45 3143 62 3154 ⁹
100 3154 163 3217 Dat
177 3169 275 3217 tamen
291 3157 463 3238 exsequias:
487 3179 543 3218 nec
554 3158 616 3241 jam
632 3158 812 3241 suspendere
827 3157 932 3220 fletum

142 3250 292 3339 Sustinet3
314 3265 344 3312 et
359 3251 453 3332 pietas
468 3253 648 3314 dissimulata
663 3268 754 3336 patet.

99 3347 270 3430 Osculaque
286 3348 426 3431 applicuit
441 3349 537 3431 posito
551 3371 688 3432 suprema
703 3351 827 3413 seretro:

141 3444 244 3526 Atque
259 3446 315 3507 ait:
340 3444 454 3507 ‘Invitb
470 3445 558 3507 frater
571 3447 721 3530 adempte,
739 3447 824 3510 vale?
971 3452 973 3455 ’
1016 3447 1077 3510 120
