2348 4102
94 360 138 422 44
310 380 315 388 ·
414 349 762 417 usrluonrnosuon

95 511 145 575 De
160 512 249 574 modo
265 513 364 594 viginti
381 513 439 597 (tot
453 514 532 575 enirn
546 514 614 575 ratis
629 515 679 575 ille
693 513 819 598 serebat)

94 607 257 670 Restebtun
272 611 360 670 solus.
404 608 562 685 Pavidum,
575 611 764 691 gelidumque
780 611 916 672 trementi

94 701 240 786 Corpore,
255 705 364 786 vixque
379 725 479 765 meum
492 704 587 767 firmat
602 705 685 781 deus,
701 713 720 742 “
730 704 883 782 Excute,''
899 705 1015 784 dicens,

95 799 225 862 “Corde
240 814 363 876 metum,
379 798 529 882 Diamque
544 800 646 861 tene.''
691 798 817 863 Delatus
832 801 967 878 inillam,

14 922 21 937 =
95 895 239 959 Accensis
253 896 318 973 aris,
332 895 485 959 Baccheia
499 916 580 958 sacra
594 895 768 979 frequento!
1006 901 1068 961 215

469 1408 608 1473 LIBER
635 1408 694 1473 IV.

352 1621 471 1664 Pmlss
493 1623 536 1665 ΕΤ
557 1623 693 1666 ΤΗῙΒΒΕΒ
716 1623 810 1666 MORS.

532 1803 561 1842 v.
578 1775 630 1843 55.

97 1945 245 2030 Pyramus
259 1961 289 2009 et
304 1946 428 2025 Thisbe,
439 1947 582 2032 juvenum
598 1949 811 2032 pulcherrimus
824 1951 908 2030 elter,

96 2043 211 2120 Altera,
227 2065 299 2126 quas
313 2044 422 2105 Oriens
436 2045 549 2121 habuit,
564 2046 683 2127 praelata
696 2047 812 2127 puellis,

96 2137 260 2218 Contiguus
276 2140 397 2199 tenuere
413 2138 535 2200 domos:
557 2140 607 2199 ubi
621 2138 727 2200 dieitur
741 2141 830 2202 altem

97 2233 262 2295 Coctilibus
276 2233 365 2294 muris
379 2233 506 2294 cinxisse
521 2233 690 2297 Semiramis
704 2237 817 2299 urbem.

97 2327 251 2404 Notitiam,
267 2328 434 2412 primosque
449 2329 555 2410 gradus
570 2330 675 2392 vicinia
690 2331 776 2394 lecit:
1047 2337 1067 2398 5

96 2423 249 2508 Tempore
264 2425 357 2488 crevit
371 2446 468 2488 amor:
491 2427 573 2488 taedae
588 2448 705 2512 quoque
716 2428 783 2513 jure
798 2428 944 2506 coissent3

97 2520 158 2584 Sed
173 2523 294 2584 vetuere
309 2536 418 2606 patres,
434 2523 512 2605 quod
526 2545 585 2585 non
600 2526 723 2606 potuere
738 2539 849 2586 vetere.

140 2617 243 2678 Fissus
258 2630 320 2678 erat
334 2618 416 2678 tenui
430 2617 514 2693 rime,
530 2639 618 2700 quam
633 2620 757 2681 duxerat
775 2621 855 2697 olim,

96 2710 178 2775 (lum
191 2713 274 2773 fieret
288 2713 383 2794 paries
397 2713 497 2775 domui
510 2716 673 2777 communis
687 2716 812 2799 utrique.

96 2808 132 2870 Id
147 2808 251 2870 vitium
266 2809 338 2870 nulli
352 2830 406 2892 per
419 2809 530 2872 saeeula
543 2812 630 2892 longa
645 2823 788 2889 notatum,
1029 2819 1067 2878 10

99 2904 198 2991 (Quid
213 2927 274 2968 non
287 2907 375 2969 sentit
390 2907 507 2992 amori)
531 2908 617 2990 primi
630 2907 758 2969 sensistis
773 2919 914 2971 ementes.

96 3001 139 3064 Et
153 3003 218 3065 voci
232 3002 339 3065 fecistis
354 3004 419 3066 iter.
464 3003 545 3065 Turn
559 3025 708 3068 murmure
723 3026 814 3088 parvo

96 3097 195 3159 Multa
209 3099 289 3180 prius
305 3101 410 3182 questi,
425 3112 567 3175 statuunt,
581 3115 614 3162 ut
629 3115 716 3163 noete
730 3101 826 3162 silenti

97 3193 214 3256 Fallere
229 3195 376 3271 custodes,
392 3195 559 3277 foribusque
575 3194 723 3255 excedere
736 3207 861 3256 tentent.

13 3279 15 3284 ’
96 3289 237 3373 Clrmqne
253 3290 341 3353 domo
356 3292 491 3366 exierint,
506 3288 584 3350 urbis
599 3309 716 3372 quoque
730 3290 857 3353 claustra
870 3292 1053 3376 relinquant:

97 3385 185 3449 Neve
200 3387 237 3450 sit
251 3387 406 3450 errandum
420 3387 482 3448 lato
497 3383 688 3466 spatiantibus
703 3407 784 3464 arvo,
907 3450 909 3455 ,
1029 3391 1068 3452 16

97 3479 288 3549 Conveniunt
301 3483 339 3547 nd
351 3484 438 3546 bustu
452 3479 543 3544 Nini:
565 3481 733 3567 lateantque
748 3483 803 3548 sub
816 3483 921 3548 umhrt
