2348 4102
99 376 142 437 46
421 383 771 432 METAMORPHOSEON

99 527 144 589 Ut
161 526 253 609 jacuit
268 527 423 609 resupinus
437 529 531 604 humi,
545 549 632 590 cruor
645 529 753 591 emicat
768 528 838 605 alte,
1015 549 1018 553 ·
1033 535 1075 594 50

100 621 170 683 Non
186 623 278 697 aliter,
293 623 383 704 quim
397 622 468 684 cirrn
482 623 584 684 vitiato
598 624 694 684 fistula
708 624 832 704 plumbo

100 716 256 793 Scinditur,
272 730 302 778 et
316 731 420 779 tenues
435 717 576 778 stridente
592 716 732 778 foramine
748 719 844 799 longe·

100 811 272 896 Ejaculatur
285 833 394 895 aquas;
416 827 504 895 atque
519 813 623 874 ictibus
637 817 705 874 arira
718 813 837 894 rumpit.

99 908 225 970 Arborei
240 907 328 970 soetus
342 909 515 990 adspergine
529 908 641 969 caedis
633 930 663 969 m
678 929 696 969 a

101 1000 265 1065 Vertuntur
278 1003 402 1066 faciem:
425 1003 648 1084 madefactaque
663 921 803 1083 sarae
819 971 903 1064 radix
1033 1007 1072 1066 55

99 1097 244 1160 Poeniceo
258 1099 365 1177 tinguit
377 1098 537 1180 pendentia
550 1118 633 1159 mora
646 1099 756 1159 colore.

143 1191 236 1267 Ecce,
252 1206 334 1254 metu
348 1192 480 1254 nondum
494 1193 600 1275 posito,
616 1214 654 1253 ne
669 1192 749 1254 fallat
764 1206 923 1269 amantem,

99 1284 154 1346 llla
168 1286 291 1347 redit:
278 1307 480 1369 juvenemque
495 1288 598 1363 oculis,
613 1288 770 1377 animoque
785 1289 922 1370 requirit:

100 1379 281 1464 Quantaque
296 1382 394 1443 vitarit
408 1402 523 1443 narrare
539 1383 670 1464 pericula
684 1384 782 1464 gestit

99 1474 202 1559 thue
217 1477 326 1553 locum,
342 1490 372 1538 et
387 1497 503 1539 versam
517 1477 656 1559 cognovit
670 1478 700 1539 in
714 1479 816 1541 arbore
832 1476 975 1556 formam;
1032 1481 1072 1541 60

101 1568 167 1655 (Sic
180 1571 249 1633 lacit
263 1573 404 1634 incertam
420 1573 500 1654 pomi
514 1570 610 1655 color)
628 1574 727 1648 haret,
744 1574 815 1633 anh
871 1574 918 1634 sit.

99 1664 183 1728 Dum
196 1667 319 1742 dubitat,
335 1666 528 1728 tremebunda
542 1666 623 1727 videt
637 1667 754 1746 pulsare
768 1593 923 1751 arka]

98 1758 236 1822 Membra
250 1761 355 1836 solum,
371 1774 506 1843 retroque
521 1761 629 1842 pedem
644 1761 726 1821 tulit:
750 1746 896 1849 oraqhew
966 1830 972 1843 ,

98 1852 256 1916 Pallidiora
270 1875 386 1936 gerens,
401 1855 563 1930 exhorruit,
578 1855 700 1937 equoris
717 1854 724 1868 ‘
739 1925 744 1931 .

98 1948 191 2022 Quod
205 1951 314 2026 tremit,
329 1950 438 2032 exigua
452 1950 521 2011 cum
536 1960 684 2012 summunt
698 1848 851 2108 affl
972 1938 977 1946 ’

98 2044 159 2106 Sed
174 2058 330 2127 postquam
344 2055 489 2106 remorata
502 2065 570 2106 suos
585 2046 723 2124 cognovit
755 2052 758 2057 '
797 2054 804 2059 '
878 2112 882 2116 ,
959 2058 964 2065 “

97 2137 231 2200 Percutit
245 2138 379 2218 indignos
393 2139 473 2200 claro
487 2139 628 2219 plangore
643 2140 783 2200 lacertos:
881 2142 931 2207 sir.

97 2231 139 2293 Et
153 2232 259 2294 laniata
272 2252 382 2306 comas,
398 2233 596 2314 amplexaque
611 2254 718 2329 corpus
733 2247 874 2343 amatum,

97 2324 231 2388 Vulnera
244 2326 394 2409 supplevit
407 2326 555 2408 lacrymis,
570 2327 732 2412 fletumque
747 2330 842 2392 cruori

96 2418 234 2484 Miscuit:
258 2435 288 2484 et
302 2422 427 2504 gelidis
419 2445 449 2484 ιιι
467 2423 594 2485 vultibus
609 2426 709 2487 oscula
723 2426 826 2506 figens,
1028 2429 1068 2488 70

98 2516 266 2599 ‘Pyramess
281 2519 429 2594 clamavit,
446 2520 528 2600 ‘quis
542 2533 572 2581 te
587 2521 659 2581 mihi
673 2541 758 2581 casus
770 2521 900 2581 ademit?

95 2610 235 2691 Pyrame,
251 2612 407 2691 responde.
451 2613 521 2673 Tua
535 2626 575 2688 te,
590 2613 747 2689 carissime,
761 2611 876 2675 Thisbe

96 2703 254 2765 Nominat:
276 2705 396 2779 exaudi,
412 2705 569 2786 vultusque
584 2707 685 2768 attolle
697 2707 852 2788 jacentes?

95 2799 146 2860 Ad
160 2819 269 2859 nornen
284 2798 411 2861 Thisbes
424 2800 613 2884 oculos,'.jam
627 2814 720 2862 morte
736 2815 881 2903 gravatos,

94 2892 242 2975 Pyramus
256 2895 361 2971 erexit,
377 2894 497 2978 visique
512 2896 675 2958 recondidit
688 2896 748 2958 illa.
1027 2901 1065 2961 75

95 2986 173 3060 Qua
188 3003 344 3070 postquam
360 3005 533 3075 vestemque
546 3014 630 3054 suam
640 2993 793 3074 cognovit,
808 3006 839 3054 et
854 3013 925 3054 ense
981 3071 982 3077 ἵ

36 3123 38 3128 -
96 3081 180 3141 Vidit
195 3083 267 3142 ebur
281 3103 426 3158 vacuum3
449 3086 537 3146 ‘Tua
550 3102 580 3147 te
594 3088 718 3162 manus,'
734 3089 838 3169 inquit,
853 3094 1011 3171 ‘amorque

94 3174 238 3251 Perdidit,
252 3175 366 3236 infelix.
381 3217 383 3221 <
411 3177 467 3238 Est
481 3180 598 3239 etmihi
612 3178 692 3239 sortis
707 3181 736 3239 in
753 3202 843 3241 unum

60 3280 61 3284 ’
94 3268 164 3333 Hoc
177 3291 298 3338 manus:
321 3283 366 3330 est
380 3284 412 3332 et
426 3291 523 3332 amor:
547 3271 627 3333 dabit
640 3274 689 3333 hic
703 3273 733 3333 in
749 3275 871 3336 vulnera
886 3276 973 3338 vires.

2 3402 10 3407 -
35 3396 38 3405 ·
94 3363 261 3449 Persequar
274 3365 470 3427 exstinctum:
492 3365 603 3448 letique
617 3367 780 3429 miserrima
793 3369 873 3431 dicar
1026 3373 1066 3433 80
1088 3403 1096 3416 ·

96 3461 207 3538 Causa,
221 3481 382 3545 comesque
397 3461 456 3524 tui:
480 3462 588 3545 quique
603 3483 621 3525 a
634 3484 683 3525 me
698 3477 792 3526 morte
806 3465 908 3530 revelli
