2348 4102
379 103 728 168 uernuorrnosnon

450 354 593 421 LtssER
614 356 656 419 11.

379 580 610 624 mamertum
633 579 738 619 ΗΘΜ(

517 774 547 812 v.
565 756 594 812 1.

65 932 164 1014 Regia
179 932 256 994 Solis
272 945 334 993 erat
349 929 521 992 sublimibus
537 931 596 992 aita
610 931 765 1006 columnis,

65 1028 156 1090 Clara
170 1028 298 1089 micante
313 1049 395 1102 auro,
410 1028 603 1108 flammasque
618 1027 750 1088 imitante
766 1047 899 1107 pyropo:

64 1122 162 1206 Cujus
178 1123 251 1184 ebur
264 1123 390 1184 nitidum
405 1123 518 1203 fastigia
532 1143 647 1183 summa
662 1122 798 1184 tenebat:

65 1218 192 1300 Argenti
206 1218 314 1280 bifores
328 1219 480 1279 radiabant
494 1220 605 1280 lumine
621 1220 724 1279 valvae.

64 1314 224 1378 Materiam
239 1318 397 1400 superabat
411 1338 497 1398 opus,
512 1338 582 1378 nam
597 1315 746 1377 Mulciber
760 1315 819 1377 illic
1025 1316 1046 1377 5

63 1411 199 1494 AEquora
213 1413 341 1489 celarat,
355 1413 468 1472 medias
483 1412 630 1492 cingentia
645 1428 746 1487 terras,

63 1506 285 1589 Terrarumque
301 1508 414 1582 orbem,
429 1507 612 1588 coelumque,
628 1508 706 1588 quod
721 1507 855 1567 imminet
869 1505 942 1567 orbi.

63 1600 217 1663 Caeruleos
232 1603 322 1664 habet
337 1603 416 1664 undu
427 1603 517 1679 deos3
540 1602 665 1664 Tritona
678 1623 829 1679 canorum,

63 1695 234 1782 Proteaque
250 1700 431 1781 ambiguum,
446 1700 683 1782 balaenarumque
698 1712 884 1782 prementem

62 1793 207 1875 AEgaeona
221 1797 281 1856 suis
296 1796 436 1856 immania
450 1810 533 1874 terga
546 1796 673 1869 lacertiS,
1005 1796 1048 1855 lo

63 1888 248 1967 Doridaque,
264 1903 295 1948 et
308 1903 408 1949 natas:
434 1910 557 1964 quarum
572 1909 639 1962 pers
654 1908 723 1948 nare
739 1889 885 1964 videntur,

61 1982 137 2045 Pars
151 1983 181 2043 in
195 1981 274 2042 moie
290 1979 397 2040 sedens
412 1978 519 2038 virides
533 1977 643 2038 siccare
658 1978 780 2059 capillos
792 1999 800 2054 ;
838 2024 842 2032 .

61 2077 150 2141 Pisce
166 2077 236 2137 vehi
251 2075 396 2156 quaedam.
442 2072 549 2135 Facies
564 2095 623 2134 non
639 2074 775 2135 omnibus
790 2096 861 2150 una,

62 2172 130 2235 Nec
146 2173 262 2234 diversa
275 2184 393 2233 tamen:
419 2170 536 2253 qualem
552 2170 640 2232 decet
655 2191 719 2232 esse
735 2192 878 2233 sororum.

60 2270 157 2332 Terra
173 2270 260 2344 viros,
275 2269 423 2350 urbesque
438 2268 523 2348 gerit,
539 2268 696 2348 silvasque,
712 2267 857 2348 serasque,
1004 2272 1046 2332 15

60 2364 272 2445 Fluminaque,
288 2376 319 2423 et
333 2364 492 2444 nymphas,
508 2375 538 2422 et
552 2358 658 2424 cae'tera
672 2362 794 2422 numina
807 2363 891 2424 ruris.

61 2459 137 2521 rrae
152 2457 394 2539 superimposita
409 2470 454 2517 est
468 2457 537 2517 coeli
553 2456 691 2536 suigentis
704 2457 819 2538 imago:

60 2554 212 2637 Signaque
228 2573 282 2614 sex
297 2552 406 2613 foribus
422 2551 544 2627 dextris,
559 2551 742 2634 totidemque
757 2555 889 2617 sinistris.

103 2649 178 2723 Qud
192 2648 278 2711 simul
294 2648 407 2711 acclivo
423 2647 603 2730 Clymeneia
617 2648 709 2710 limite
725 2651 822 2731 proles
843 2660 848 2667 '

61 2744 165 2821 Venit,
181 2759 211 2807 et
226 2746 344 2807 intravit
359 2745 482 2807 dubitati
498 2759 577 2806 tecta
592 2747 741 2826 parentis3
1000 2749 1045 2812 20

59 2841 200 2903 Protinus
215 2843 252 2902 ad
268 2842 376 2922 patrios
390 2862 444 2902 sua
458 2841 514 2902 sert
528 2843 651 2923 vestigia
666 2844 783 2904 vultus:

51 2936 265 3019 consistitque
281 2937 401 3018 procul:
425 2937 618 3016 nequeenim
634 2938 772 3019 propiora
786 2936 911 2998 serebat

1 3075 2 3082 κ
59 3032 201 3094 Lumina.
247 3030 404 3113 Purpurea
418 3031 533 3091 velatus
550 3046 632 3093 veste
647 3033 770 3093 sedebat
935 3032 938 3039 '

60 3128 96 3190 In
111 3129 185 3190 solio
199 3127 346 3201 Phoebus,
360 3125 446 3187 cleris
462 3126 580 3188 lucente
595 3127 767 3207 smaragdis.

59 3224 90 3285 A
105 3222 222 3299 nexus,
237 3222 372 3306 levaque
387 3220 474 3299 Dies,
490 3235 521 3282 et
534 3220 662 3300 Mensis,
677 3235 708 3286 et
722 3224 840 3301 Annus,
997 3226 1041 3289 25
