2348 4102
486 365 595 415 LIBER
618 365 692 415 XIII.
890 424 893 427 Δ
1021 361 1081 422 125

106 509 171 571 Sed
186 531 284 592 neque
300 510 481 593 Naupliades
496 512 607 574 facinus
622 513 780 575 defendere
796 527 920 591 tantum,
1015 519 1081 579 310

105 603 247 687 Tamque
263 620 375 689 patens,
391 608 497 669 valuit:
520 630 577 670 nec
592 631 643 670 vos
658 608 777 671 audistis
792 610 821 670 in
835 610 885 672 illo

106 700 241 763 Crimina
251 723 259 777 ;
282 703 408 764 vidistis:
431 705 584 786 pretioque
599 706 715 788 objecta
730 708 880 787 patebant.

150 796 218 859 Nec
233 797 428 860 Poeantiaden
444 799 523 880 quod
542 801 632 862 habet
648 800 794 862 Vulcania
807 802 950 878 Lemnos,

107 891 185 953 Esse
199 914 266 954 reus
281 895 391 956 merui:
415 893 525 956 factum
541 894 689 957 defendite
705 910 850 983 vestrumg

106 987 305 1050 Consensistis
320 991 415 1052 enim:
438 1011 494 1052 nec
508 1012 557 1052 me
571 992 695 1052 suasisse
710 993 834 1073 negabo,
954 1024 958 1034 ·
1015 997 1079 1058 315

104 1082 152 1145 Ut
166 1106 198 1145 se
213 1087 395 1147 subtraheret
409 1087 538 1168 bellique
553 1088 666 1169 viaeque
681 1088 782 1166 labori,

104 1179 309 1264 Tentaretque
325 1181 400 1243 feros
413 1182 515 1264 requie
529 1183 621 1244 lenire
637 1183 762 1260 dolores.

104 1274 227 1353 Paruit;
249 1291 280 1338 et
294 1278 374 1339 vivit.
420 1277 490 1340 Non
505 1279 567 1341 haec
582 1280 726 1340 sententia
740 1280 854 1357 tantum
931 1361 934 1366 ι

105 1371 193 1449 Fida,
208 1374 260 1434 sed
276 1387 306 1435 et
319 1373 408 1449 felix;
430 1375 500 1436 edm
513 1375 550 1436 sit
563 1375 643 1452 satis,
658 1397 723 1437 esse
737 1375 865 1438 fidelem.

103 1467 209 1542 Quem
225 1471 362 1552 quoniam
376 1482 459 1530 vates
473 1471 599 1530 delenda
613 1472 650 1536 ad
665 1471 812 1550 Pergama
826 1484 962 1553 poscunt,
1014 1474 1077 1535 aab

104 1564 154 1627 Ne
168 1566 307 1629 mandate
322 1565 410 1625 mihi:
433 1564 538 1625 melinis
552 1564 744 1626 Telamonius
758 1567 824 1641 ibit,·
841 1586 843 1589 ·

104 1659 293 1743 Eloquioque
309 1660 403 1743 virum
418 1659 525 1720 morbis
540 1658 641 1742 iraque
656 1658 801 1721 furentem

102 1753 233 1830 Molliet,
248 1768 298 1815 aut
313 1754 410 1836 aliqud
424 1754 567 1837 producet
581 1755 703 1817 callidus
718 1769 793 1818 arte.

102 1851 186 1914 Ante
203 1864 279 1912 retro
295 1851 402 1912 Simois
417 1850 500 1926 fluet,
516 1864 546 1912 et
561 1853 623 1912 sine
639 1851 787 1913 frondibus
802 1849 856 1913 Ide

100 1945 210 2023 Stabit,
226 1959 256 2008 et
270 1946 411 2008 auxilium
426 1946 575 2036 promittet
589 1946 706 2008 Achaia
721 1947 829 2030 Trojae‚
1011 1948 1075 2010 325

75 2027 79 2034 ,
101 2044 218 2120 Quam,
232 2057 366 2106 cessante
382 2064 449 2105 meo
463 2065 516 2125 pro
531 2044 634 2105 vestris
649 2058 769 2126 pectore
785 2044 882 2121 rebus,
1165 2039 1169 2042 ⁴

101 2140 205 2224 Ajacis
219 2140 316 2200 stolidi
330 2138 443 2201 Danais
457 2140 584 2202 sollertia
598 2130 698 2223 prosit.

75 2272 78 2275 Δ
99 2236 150 2299 sis
164 2235 234 2297 licet
248 2226 368 2296 infestus
382 2235 478 2312 sociis,
494 2237 623 2320 regique,
638 2237 780 2320 mihique,

101 2332 187 2394 Dure
201 2331 387 2406 Philoctete,
409 2331 479 2392 licet
493 2353 658 2407 exsecrere,
673 2354 832 2416 meumque

99 2428 260 2490 Devoveas
275 2428 337 2487 sine
352 2426 409 2486 fine
425 2439 532 2507 caput3
553 2427 715 2507 cupiasque
730 2427 839 2488 dolenti
1009 2429 1073 2492 330

99 2523 155 2586 Me
169 2524 221 2585 tibi
235 2523 309 2585 forte
326 2521 397 2598 dari,
411 2534 601 2604 nostrumque
616 2522 731 2582 haunre
748 2541 901 2596 cruorem

77 2701 80 2706 .
101 2620 217 2703 [thue
233 2620 275 2681 tui
290 2619 372 2695 mihi,
387 2619 429 2680 sic
443 2618 493 2680 fiat
507 2618 560 2680 tibi
573 2618 659 2699 copia
672 2618 762 2679 nostri
772 2618 794 2698 :]

97 2711 148 2777 Te
163 2729 262 2778 tamen
278 2715 444 2796 aggrediar:
471 2718 662 2797 [mecumque
676 2716 817 2778 reducere
832 2713 931 2796 niun]

98 2811 238 2895 Tamque
253 2812 310 2873 tuis
325 2812 420 2894 potiar
436 2809 550 2895 (faveat
564 2811 711 2895 Fortuna)
728 2811 848 2891 sagittis,

96 2907 202 2982 Quam
217 2930 282 2969 sum
298 2907 459 2982 Dardanio,
472 2927 561 2988 quem
575 2907 653 2987 cepi,
669 2920 736 2967 vate
751 2906 877 2993 potitus:
1007 2905 1071 2967 335

95 3003 202 3078 Quam
217 3024 359 3087 responsa
373 3001 474 3076 dehm,
489 3000 678 3084 Trojanaque
693 3000 762 3077 fata,
777 3001 887 3063 retexi:
910 2999 919 3017 ⁵

95 3099 200 3174 Quam
215 3101 297 3182 rapui
312 3096 450 3180 Phrygia
464 3098 580 3178 signum
595 3098 744 3180 penetrale
764 3097 907 3160 Minerva
949 3102 953 3108 ’

96 3192 241 3258 Hostibus
257 3218 274 3256 e
288 3195 403 3257 mediis.
449 3194 491 3258 Et
506 3216 537 3256 se
552 3195 624 3256 mihi
639 3203 789 3277 comparat
804 3194 907 3279 Ajax?

96 3291 216 3376 Nempe
230 3293 301 3375 capi
311 3291 433 3376 ijam
448 3292 641 3373 prohibebant
657 3292 715 3354 fata
730 3284 792 3354 sine
806 3293 873 3368 illis.
897 3350 899 3355 .
974 3329 980 3344 ·

95 3387 193 3450 Fortis
208 3389 259 3449 ubi
273 3402 319 3450 est
335 3386 438 3471 Ajax?
460 3387 510 3449 uhi
524 3401 591 3450 sunt
606 3389 736 3469 ingentia
749 3388 847 3467 magni
1006 3393 1070 3456 340

96 3484 198 3548 Verba
213 3486 287 3548 viri?
310 3483 375 3548 Cur
389 3484 439 3547 hic
453 3484 582 3546 metuis?
604 3507 658 3548 cur
671 3485 760 3547 audet
775 3482 899 3566 Ulysses

398 3582 466 3644 11*
