2348 4102
488 383 596 434 LIBER
611 383 685 434 XIII.

98 530 249 593 Prodere:
273 544 303 592 et
319 530 509 613 edidiciquid
524 532 635 615 perfida
647 531 741 616 Troja
754 549 879 616 pararet.

96 627 210 690 Omnia
223 627 381 713 cogndram
391 648 407 688 τ’
422 648 488 703 nec,
504 628 583 710 quod
597 630 774 710 specularer,
789 630 951 695 habebam:

98 723 141 786 Et
157 723 215 806 iarn
231 723 384 807 praemissh
398 737 531 805 poteram
545 746 614 786 cum
629 726 716 787 laude
731 729 848 790 reverti.

98 819 192 882 Haud
206 833 360 882 contentus
375 819 422 896 ed,
438 820 510 902 petii
524 821 650 882 tentoria
665 820 773 899 Rhesi,

98 915 195 998 Inque
210 916 269 976 suis
283 916 380 998 ipsum
393 915 495 977 castris
509 916 693 998 comitesque
708 918 830 999 peremi.
871 923 873 928 ’
915 964 926 979 t
1009 912 1074 984 250

99 1014 203 1095 Atque
218 1012 258 1074 ita
272 1014 390 1096 captivo
407 1014 498 1074 victor
514 1013 647 1096 votisque
663 1015 783 1096 potitus,

99 1108 252 1189 Ingredior
264 1130 350 1170 curru
365 1109 446 1171 laetos
462 1110 595 1171 imitante
610 1111 791 1193 triumphos3

99 1203 197 1288 Cujus
212 1225 303 1287 equos
318 1206 445 1288 pretium
460 1227 515 1288 pro
530 1220 617 1268 nocte
632 1220 807 1289 poposcerat
822 1207 923 1271 hostis.
1032 1198 1036 1201 ,

98 1299 195 1362 Arma
209 1315 313 1382 negate
328 1303 418 1363 mihi:
442 1301 586 1385 fueritque
600 1302 754 1383 benignior
767 1302 860 1387 Ajax.

143 1395 228 1469 Quid
242 1398 330 1480 Lycii
344 1397 469 1459 referam
483 1399 662 1480 Sarpedonis
677 1401 794 1480 agmina
807 1399 883 1462 ferro
1010 1403 1075 1463 255

99 1491 265 1555 Devastata
278 1495 367 1554 meo?
389 1491 472 1554 Cum
487 1494 580 1553 multo
595 1496 734 1573 sanguine
750 1494 810 1555 fudi
875 1519 877 1522 ·

98 1587 263 1663 Coeranon,
279 1587 475 1668 Hippasiden,
491 1601 521 1648 et
535 1588 742 1669 Alastoraque,
757 1588 1003 1671 Chromiumque,

99 1683 355 1765 Alcandrumque,
371 1681 562 1765 Haliumque,
578 1682 804 1766 Noemonaque,
819 1681 1033 1766 Prytaninque,

100 1780 264 1862 Exitioque
281 1779 349 1841 dedi
363 1771 433 1840 cum
448 1777 695 1842 Chersidamante
710 1778 848 1856 Theona,

100 1875 143 1939 Et
159 1877 331 1958 Charopen,
346 1875 470 1958 fatisque
485 1877 645 1939 immitibus
660 1876 820 1939 Ennomon
835 1889 954 1939 actum:
1013 1878 1077 1938 260

99 1972 225 2054 Quique
239 1972 334 2034 minus
350 1972 483 2034 celebres
497 1973 597 2035 nostrie
611 1973 666 2035 sub
681 1973 828 2035 moenibus
842 1972 921 2034 urbis

100 2067 292 2130 Procubuere
308 2090 407 2130 manu.
451 2069 529 2131 Sunt
543 2083 573 2131 et
587 2070 659 2131 mihi
673 2071 806 2145 vulnera,
821 2069 913 2146 cives,

100 2161 172 2246 Ipso
187 2163 309 2244 pulchra
323 2165 407 2224 loco:
429 2184 485 2225 nec
501 2165 582 2232 vanis
596 2162 708 2224 credite
725 2163 841 2226 verbis:

100 2257 237 2340 Aspicite
253 2278 290 2319 en
304 2259 325 2319 !'
352 2257 539 2342 (vestemque
555 2279 643 2320 manu
658 2258 786 2345 diducit)
802 2273 844 2337 et,
859 2259 953 2323 ‘Haec
968 2275 1036 2323 sunt

102 2353 230 2415 Pectora
240 2353 382 2436 ,semper,'
399 2353 449 2428 ait,
461 2359 470 2389 ‘
482 2353 585 2414 vestris
600 2355 730 2427 exercita
744 2357 841 2417 rebus.
890 2365 894 2369 ’
1015 2358 1078 2420 265

101 2449 146 2511 At
160 2447 229 2510 nihil
246 2447 391 2530 impendit
406 2467 459 2528 per
473 2460 517 2508 tot
531 2447 723 2510 Telamonius
738 2471 830 2510 annos

101 2545 258 2625 Sanguinis
273 2545 303 2605 in
319 2543 433 2605 socios:
456 2556 488 2604 et
502 2542 591 2604 habet
605 2543 668 2603 sine
684 2544 803 2605 vulnere
818 2565 935 2627 corpus.

146 2638 231 2713 Quid
246 2653 345 2700 tamen
360 2640 418 2701 hoc
433 2638 531 2714 refert,
546 2639 571 2700 si
585 2660 617 2700 se
633 2660 686 2721 pro
700 2640 794 2702 classe
810 2639 939 2723 Pelasgh

102 2735 197 2797 Arma
210 2735 311 2796 tulisse
325 2734 413 2796 refert
426 2748 528 2797 contra
542 2735 696 2818 Troasque
711 2735 901 2819 Jovemque?

102 2831 325 2913 Confiteorque,
340 2831 425 2892 tulit:
448 2832 640 2913 nequeenim
655 2832 733 2892 bene
748 2831 824 2892 facta
838 2833 965 2912 maligne
1016 2837 1080 2898 270

102 2927 280 2989 Detrectare
296 2949 397 2988 meum
413 2940 475 2987 est:
499 2927 552 2988 sed
566 2935 623 2987 nec
637 2926 806 2987 communia
820 2927 899 2987 solus
1021 2942 1023 2946 ’

103 3023 253 3104 Occupet,
268 3036 357 3105 atque
372 3021 499 3103 aliquem
514 3022 597 3083 vobis
612 3043 730 3104 quoque
745 3021 848 3084 reddat
863 3022 1015 3087 honorem.

103 3118 229 3200 Repulit
244 3119 410 3194 Actorides,
425 3119 480 3179 sub
495 3117 621 3199 imagine
636 3122 715 3179 tutus
732 3117 869 3196 Achillis,

102 3215 201 3296 Tre-as
217 3216 253 3277 ab
269 3216 373 3293 arsuris
387 3237 456 3277 cum
471 3214 626 3278 defensore
640 3215 755 3276 carinis.

105 3312 224 3372 Ausum
239 3312 327 3373 etiam
343 3310 494 3373 Hectoreo
510 3311 604 3372 solum
619 3331 792 3373 concurrere
807 3309 898 3373 Marti
981 3334 984 3339 ·
1018 3313 1082 3374 275

102 3408 144 3469 Se
160 3421 254 3490 putat,
270 3408 377 3469 oblitus
391 3408 537 3489 regisque,
552 3407 731 3489 ducumque,
746 3406 883 3488 meique;

103 3502 210 3570 Nonus
224 3504 253 3566 in
275 3504 382 3581 officio,
397 3517 428 3568 et
443 3503 577 3586 prelatus
591 3522 713 3564 munere
728 3501 822 3563 sertis.
