2348 4102
107 373 169 439 134
417 360 765 435 aarruoamosaor
826 419 829 423 .
906 343 943 444 ’,

103 531 222 594 Occidit
236 552 254 593 a
268 529 333 594 forti
350 531 409 618 (sic
423 553 476 595 voa
485 529 642 616 voluistis)
656 531 786 619 Achille.
946 569 951 578 ·
1021 535 1078 599 590

102 626 163 704 Da,
178 647 293 711 precor,
308 629 376 690 huic
391 622 530 712 aliquem,⁴
545 629 649 707 solatia
660 628 772 704 morta,
787 627 945 708 honorem,
1000 667 1003 673 ›

102 722 225 787 Summe
240 725 329 789 deitrn
343 738 448 803 rector,
463 739 653 809 maternaque
668 723 790 811 vulnera
804 724 886 787 leni?

143 820 262 905 Jupiter
276 834 436 899 annuerat;
458 822 530 893 cinq
542 808 713 897 Memnonis
728 821 836 884 arduus
851 822 914 907 alto
936 878 940 884 .

103 916 223 981 Corruit
238 919 305 1000 igne
319 940 417 1000 rogus,
433 919 565 1002 nigrique
573 917 730 997 polamine
745 916 825 980 fumi

35 1067 38 1080 .
103 1013 237 1077 Insecdre
252 1015 348 1078 diem:
372 1016 464 1077 veluti
478 1017 547 1077 caim
562 1004 682 1076 duririna
696 1024 782 1093 natas

103 1109 256 1173 Exhalant
270 1111 403 1186 nebulas,
417 1131 474 1173 nec
490 1111 533 1173 sol
549 1110 712 1173 admittitur
724 1107 809 1172 inat.

102 1207 179 1268 Atra
193 1205 292 1268 favilla
306 1208 397 1282 volat,
412 1208 631 1289 glomerataque
647 1227 754 1289 corpus
768 1206 799 1268 in
815 1227 908 1269 unum

102 1299 271 1378 Densatur3
292 1300 457 1383 faciemque
471 1303 570 1385 capit:
594 1301 742 1385 sumitque
757 1301 886 1379 calorem

26 1402 29 1406 ⁴
102 1398 204 1480 Atque
220 1396 348 1459 animam
362 1417 402 1459 ex
418 1396 487 1477 igni.
532 1396 654 1460 [evitas
669 1418 722 1460 sua
738 1399 861 1481 prebuit
876 1398 949 1462 elas.

102 1492 145 1557 Et
159 1495 254 1577 primd
268 1494 369 1557 similis
384 1493 507 1571 volucri,
522 1515 594 1557 mox
610 1515 680 1557 vera
694 1495 821 1557 volucris

101 1589 235 1655 hsonuit
248 1591 363 1675 pennis.
408 1587 524 1653 Pariter
537 1590 662 1653 sonuere
677 1609 790 1653 sorores

100 1685 276 1766 innumere,
292 1689 397 1771 quibus
412 1700 457 1750 est
472 1687 578 1749 eadem
593 1688 697 1749 natalis
711 1685 803 1768 origo.

100 1783 222 1867 Terque
237 1804 341 1865 rogum
355 1783 494 1846 lustrant:
517 1796 548 1844 et
562 1802 708 1845 consonus
723 1784 786 1844 exit
801 1782 831 1844 in
846 1802 932 1847 auras

100 1879 165 1943 Ter
177 1883 313 1963 clangor:
337 1893 441 1965 quarto
454 1879 600 1942 seducunt
613 1891 709 1942 castra
725 1879 834 1942 volatu.

99 1977 182 2040 'I'um
197 1978 257 2040 duo
272 1977 389 2040 diversit
404 1977 507 2062 populi
521 1976 560 2039 de
575 1990 660 2060 purte
674 1975 788 2040 seroces

99 2073 188 2137 Bella
201 2088 317 2155 gerunt,
331 2074 499 2156 rostrisque,
515 2085 545 2134 et
560 2073 680 2137 aduncis
694 2067 841 2155 unguibus
855 2071 912 2137 iras

99 2161 263 2246 Exercent,
280 2169 399 2250 alasque
415 2169 596 2250 adversaque
611 2182 734 2250 pectora
748 2169 872 2232 lassant:

99 2263 271 2348 Inferiaeque
286 2263 397 2326 cadunt
411 2263 501 2325 cineri
516 2275 643 2346 cognata
658 2266 776 2347 sepulto

99 2361 252 2444 Corpora:
275 2380 368 2443 seque
386 2351 528 2423 viro'sorti
542 2362 844 2425 meminere-creatas.

141 2457 325 2542 Praepetibus
339 2457 441 2521 subitis
455 2478 564 2522 nornen
579 2457 649 2521 facit
663 2472 783 2536 auctor·;
805 2461 843 2522 ab
857 2459 908 2524 illo

97 2554 305 2619 Memnonides
321 2555 416 2631 dicte,
431 2555 500 2616 caim
515 2555 558 2616 sol
574 2554 711 2618 duodena
725 2557 840 2639 peregit

97 2646 197 2731 Signa,
214 2649 356 2731 parentali
371 2650 506 2731 periture
522 2647 621 2712 Marte
636 2652 789 2715 rebellant.

97 2745 179 2828 Ergo
193 2746 255 2808 aliis
269 2743 389 2807 latrisse
405 2742 591 2826 Dymantida
605 2745 703 2808 flebile
719 2750 832 2812 visum:

77 2914 80 2919 ⁴
96 2843 240 2906 Luctibus
255 2855 300 2905 est
314 2841 503 2904 Aurorasuis
517 2840 638 2919 intenta,
654 2842 776 2927 piasque

96 2939 127 3005 N
129 2963 186 3004 unc
202 2960 320 3025 quoque
334 2939 385 3003 dat
399 2941 556 3024 lacrymas,
570 2952 601 3002 et
615 2951 678 3004 toto
691 2954 770 3005 rorat
784 2942 814 3006 in
829 2943 912 3008 orbe.
