2348 4102
136 384 197 451 106
445 391 795 477 mnrnmonruosnort

135 542 261 605 Pectore
277 543 306 604 in
321 563 401 604 anna
416 541 479 619 feri,
494 555 694 625 praetentaque
709 543 769 604 tela
777 542 902 617 leones3

134 637 185 701 Sic
199 639 249 700 ubi
263 660 295 701 se
312 640 407 701 ventis
422 640 579 701 admiserat
592 639 672 700 unda
685 639 802 715 coortis,

134 733 201 796 Ibat
215 735 245 796 in
260 756 340 797 arma
354 737 440 812 ratis3
463 735 616 817 multdque
631 750 693 796 crat
707 735 791 796 altior
805 735 871 796 illis.

134 828 262 914 Jamque
277 830 377 893 labant
389 832 487 908 cunei,
502 831 683 915 spoliataque
697 831 826 912 tegmine
840 851 915 893 cera

136 924 227 989 Rima
240 940 340 1009 patet;
363 930 535 1011 praebetque
551 928 628 989 viam
642 926 777 989 letalibus
791 926 887 988 undis.

136 1021 219 1085 Eece
233 1024 342 1086 cadunt
355 1024 427 1105 largi
441 1024 574 1086 resolutis
589 1022 714 1084 nubibus
728 1021 852 1084 imbres:

135 1117 229 1203 Inque
245 1119 350 1182 fretum
364 1121 467 1190 credas
481 1133 576 1182 totum
590 1119 769 1182 descendere
783 1119 911 1182 coelum:

136 1213 231 1298 Inque
246 1215 347 1298 plagas
361 1217 430 1278 coeli
445 1215 637 1279 tumefactum
651 1213 830 1277 adscendere
845 1226 980 1296 pontum.

137 1307 214 1393 Vela
228 1312 348 1372 madent
362 1311 484 1387 nimbis3
507 1324 620 1374 etcum
634 1311 804 1374 coelestibus
818 1309 903 1372 undis
974 1372 978 1379 ,

135 1405 292 1490 AEquoreae
308 1407 466 1470 miscentur
479 1427 573 1491 aquae.
619 1405 711 1469 Caret
725 1407 839 1488 ignibus
854 1405 965 1482 ether3

136 1500 285 1586 Caecaque
299 1523 359 1565 nox
374 1504 516 1586 premitur
528 1502 656 1565 tenebris
670 1503 835 1586 hiemisque
849 1501 979 1583 suisque.
1054 1507 1056 1511 '

28 1601 32 1607 ’
136 1596 307 1661 Discutiunt
320 1613 419 1663 tamen
434 1600 498 1676 has,
513 1600 702 1683 praebentque
717 1598 854 1660 nrioantia
867 1597 969 1660 lumen

135 1691 292 1756 Fulmina:
314 1694 458 1757 fulmineis
473 1694 628 1756 ardescunt
642 1695 755 1774 ignibus
769 1692 866 1755 unda.

135 1787 199 1852 Dat
213 1811 330 1873 quoque
340 1790 403 1873 jam
418 1792 507 1852 saltus
521 1790 596 1852 intra
609 1778 681 1851 cava
695 1801 779 1850 texta
791 1788 896 1850 carinae

135 1882 277 1948 fluctus:
301 1898 341 1962 et,
356 1898 388 1947 ut
402 1887 496 1962 miles,
512 1905 635 1947 numero
649 1883 829 1967 prestantior
842 1885 934 1962 omni,

136 1979 216 2044 cum
231 2001 310 2064 saepe
326 1982 442 2044 adsiluit
457 1980 584 2045 defensa
598 1981 745 2044 moenibus
759 1980 849 2056 urbis,

135 2074 197 2156 Spe
214 2076 323 2157 potitur
336 2075 474 2150 tandem3
496 2076 649 2157 laudisque
664 2096 804 2137 accensus
819 2095 919 2138 amore

134 2168 215 2231 Inter
228 2171 308 2231 mille
324 2170 411 2244 viros,
426 2190 542 2231 murum
557 2183 656 2230 tamen
670 2183 797 2252 occupat
810 2191 904 2232 unus:
919 2245 922 2249 Ἰ

134 2265 184 2328 sic
198 2265 249 2326 nbi
265 2264 417 2346 pulsarunt
430 2284 512 2326 acres
525 2264 617 2325 latera
631 2264 721 2341 ardua
734 2265 843 2328 fluctus
855 2288 863 2344 3

134 2359 255 2423 Vastids
270 2361 421 2442 insurgens
436 2360 557 2424 decime
572 2361 629 2422 ruit
642 2361 769 2444 impetus
783 2363 885 2424 unde:

134 2457 201 2520 Nec
216 2459 294 2540 priris
309 2457 539 2520 absistitfessam
553 2478 724 2541 oppugnare
738 2460 878 2535 carinam,

133 2553 236 2627 Quam
252 2546 334 2616 velut
348 2555 377 2615 in
391 2567 484 2635 captae
500 2554 659 2616 descendat
672 2549 782 2617 maenia
797 2555 890 2616 navis.

104 2667 106 2670 ’
133 2649 207 2711 Pars
223 2649 308 2729 igitur
321 2650 453 2710 tentabat
468 2648 565 2710 adhuc
579 2649 717 2710 invadere
727 2649 852 2732 pinum3
1046 2656 1106 2715 170

133 2743 208 2806 Pars
222 2743 309 2805 muris
322 2743 400 2804 intus
414 2755 486 2804 erat.
530 2742 695 2825 Trepidant
710 2745 787 2806 baud
803 2747 920 2827 segnibs
934 2767 1049 2824 omnes,
1065 2771 1068 2774 ·

134 2839 237 2914 Quam
252 2839 326 2901 solet
340 2838 419 2916 urbe,
434 2838 496 2901 aliis
510 2859 627 2902 murum
642 2838 818 2903 fodientibus
833 2844 928 2920 extra,

134 2939 234 3020 Atque
250 2936 312 2998 aliis
326 2957 453 3013 murum,
468 2936 624 3020 trepidare,
639 2938 805 2999 tenentibus
821 2939 908 3001 intus.

133 3032 244 3095 Deficit
259 3053 321 3094 ars:
345 3032 491 3114 animique
505 3033 631 3095 cadunt:
656 3034 837 3116 totidemque
853 3035 999 3111 videntur,

134 3127 219 3202 Quot
234 3129 353 3190 veniant
367 3127 485 3203 fluctus,
500 3148 584 3190 ruere
599 3142 688 3211 atque
702 3130 863 3211 irrumpere
877 3144 997 3193 mortes.
1046 3133 1105 3194 175

133 3224 163 3288 N
165 3248 203 3288 on
218 3237 299 3287 tenet
313 3223 362 3284 hic
376 3222 538 3304 lacrymas:
561 3236 660 3304 stupet
675 3224 739 3286 bic:
764 3240 850 3287 vocat
864 3226 914 3290 ille
927 3227 1043 3305 beatos,

132 3322 253 3386 Funera
268 3341 341 3404 quos
356 3330 512 3401 maneant:
536 3318 585 3380 hic
600 3319 673 3381 votis
688 3341 798 3396 numen
814 3322 932 3385 adorat:

132 3417 320 3500 Brachiaque
335 3416 372 3478 ad
386 3415 507 3490 caelum,
522 3414 601 3497 quod
617 3437 676 3476 non
692 3417 782 3492 videt,
797 3417 875 3479 irrita
889 3418 996 3481 tollens

132 3510 235 3578 Poscit
248 3534 354 3597 opem:
377 3511 506 3576 subeunt
519 3510 560 3574 illi
574 3510 733 3596 fratresque
748 3533 931 3599 parensque;
