2348 4102
389 332 497 385 mnu
512 333 557 384 vl.

69 502 111 542 tus
127 493 172 543 est
186 480 269 542 dictis
283 478 485 560 gemiminum
499 481 582 562 pmle
596 481 713 541 locuta:

69 593 128 658 ego
145 588 241 636 vestm
253 595 369 657 parens,
385 575 467 637 vobis
482 576 614 636 animose
628 575 744 650 creatis,

69 673 98 732 'ni
112 670 234 746 Junoni,
249 671 320 731 nulli
334 691 453 740 cessura
467 670 598 744 deemm,
915 658 960 734 δί’)

69 786 109 827 ‚ea
123 766 188 841 sim,
203 766 335 826 dubitor:
359 785 479 847 perque·
485 765 585 825 omnia
597 765 705 826 secula
717 763 803 827 cultis

68 880 111 934 or,
126 880 145 920 o
160 860 230 935 uati,
243 860 298 921 nisi
312 881 365 921 vos
379 860 555 934 succurritis,
571 859 636 919 nris.

70 954 153 1015 dolor
166 955 214 1015 hic
229 955 325 1016 solus:
349 955 412 1016 diro
425 953 560 1024 convicia
574 952 653 1015 sacto

69 1049 121 1110 alis
136 1048 259 1131 adjecit:
283 1038 394 1129 vosque
410 1061 455 1109 est
469 1061 647 1128 postponere
661 1048 737 1109 netis

69 1191 72 1204 .
85 1143 161 1204 suis:
184 1157 214 1203 et
228 1163 277 1205 me
294 1142 389 1225 (quod
403 1142 432 1203 in
448 1143 542 1222 ipsum
556 1140 683 1227 recidat)
699 1143 801 1205 orbam
916 1144 960 1207 6⁵

69 1250 95 1313 t;
117 1251 147 1298 et
162 1237 295 1298 exhibuit
308 1237 439 1316 linguam
453 1237 595 1298 scelerata
613 1239 787 1318 patemem.’

68 1345 151 1394 otura
167 1353 270 1414 preces
285 1346 348 1394 erat
361 1333 406 1394 his
421 1332 537 1395 Latona
551 1332 666 1395 relatis:

69 1428 143 1503 tine,'
158 1427 294 1493 Phoebus
309 1428 359 1502 eit,
374 1433 383 1462 ‘
396 1427 507 1509 (poenae
520 1448 603 1514 monn
616 1427 721 1512 longa)
737 1429 893 1511 querulus.²

69 1537 75 1585 t
89 1523 170 1585 idem
184 1521 320 1584 Phoebe:
342 1521 491 1602 celerique
505 1541 559 1603 pen
572 1524 643 1583 n'e‘ra
655 1523 740 1604 lapsu

69 1619 184 1699 igerent
198 1617 270 1679 teeti
284 1615 451 1679 Cadmeida
464 1616 590 1679 nubibus
603 1636 714 1678 arcem.
919 1620 962 1682 to

70 1734 143 1775 anus
159 1725 232 1787 erat,
247 1711 366 1794 lateque
381 1724 485 1793 patens
498 1733 592 1794 pmpe
606 1713 716 1775 moeuia
729 1730 863 1796 eampum

69 1810 129 1870 duis
145 1808 276 1890 pulsatus
291 1801 392 1888 equis‘3
413 1807 464 1868 ubi
478 1809 563 1869 turba
576 1821 715 1885 rotarum,

69 1925 133 1986 upue
147 1904 311 1966 mollierunt
324 1901 472 1984 subjectas
484 1903 598 1982 ungula
610 1892 740 1983 globum·

78 1998 118 2060 ibi
133 1999 170 2060 de
184 2012 300 2080 septem
313 1997 419 2078 genitis
433 1996 605 2078 Amphione
616 1996 707 2059 sortes
916 2052 920 2058 .

69 2093 203 2156 neudum
217 2094 246 2156 in
262 2114 364 2177 equos,
379 2091 531 2174 Tynoque
546 2093 681 2155 rubentia
694 2092 764 2156 timo
916 2094 961 2158 75

69 2202 257 2271 npremunt3
279 2209 408 2270 auroque
423 2208 525 2269 graves
540 2188 728 2252 moderantur
741 2188 882 2252 hebenus.

69 2284 137 2345 ibus
151 2283 294 2358 Ismenos,
310 2283 360 2364 qui
373 2284 459 2344 metri
472 2284 585 2345 somine
599 2284 748 2364 quendum

69 2400 90 2440 n
104 2400 162 2440 suae
178 2378 282 2451 fuerat,
297 2378 368 2437 dum
381 2389 496 2446 eertum
509 2377 602 2437 flectit
616 2377 646 2436 in
661 2379 764 2438 orbem

69 2474 209 2556 impedes
223 2492 336 2546 cursus,
350 2470 575 2551 spumantiaque
589 2490 642 2532 ora
653 2473 792 2547 co'e‘rcet;
809 2535 812 2539 ,

83 2570 156 2631 mihi
165 2570 183 2631 l'
205 2568 388 2642 conclamem
409 2566 568 2648 medioque
581 2567 612 2627 in
625 2578 747 2648 pectore
759 2567 839 2629 fixus
918 2566 963 2634 ω

81 2666 164 2745 gerit,
181 2663 336 2746 frenisque
349 2684 440 2725 manu
453 2662 598 2725 moriente
612 2659 738 2726 remissis

69 2774 114 2821 tus
130 2781 148 2820 a
162 2761 267 2820 dextro
282 2758 424 2840 paulatim
437 2757 541 2821 defluit
555 2779 648 2820 nrum.

69 2856 159 2930 imus,
174 2855 273 2917 audito
287 2855 383 2915 sonitu
398 2854 552 2934 perinane
567 2853 720 2932 pharetris,

68 2971 96 3011 ia
110 2950 197 3011 dabat
212 2949 350 3028 Sipylus:
374 2947 465 3008 veluti
478 2946 548 3007 niun
563 2946 699 3026 prescius
712 2946 811 3010 nebus

69 3067 80 3107 3
95 3045 167 3126 fugit
182 3044 255 3120 visi,
270 3043 488 3125 pendentiaque
502 3042 633 3126 undique
646 3055 744 3107 reeta
920 3046 962 3112 85

69 3162 122 3203 »ase
137 3141 266 3216 deducit,
282 3161 320 3202 ne
336 3139 395 3222 qui
408 3138 484 3200 levis
497 3138 597 3200 effluat
612 3160 692 3202 mua.

69 3259 96 3298 m
111 3237 209 3297 dabat.
254 3235 386 3298 Dantem
400 3257 460 3298 non
474 3235 613 3298 evitabile
625 3235 719 3298 telum

69 3333 210 3414 tequitur:
231 3330 407 3414 summique
420 3344 548 3394 tremens
561 3333 677 3394 cervice
692 3331 797 3411 sagitte
839 3371 844 3376 -

69 3428 104 3504 it3
126 3441 156 3490 et
171 3428 307 3490 exstabat
319 3426 434 3490 nudum
447 3427 484 3490 de
500 3426 748 3508 guntrannum.
