2348 4102
111 393 155 452 'ta
421 393 768 449 nmnnomuosnou

110 544 170 607 Cui
183 544 266 606 licuit
281 544 334 634 soli
345 566 519 629 superorum
534 556 655 624 tangere
669 564 795 605 mensas.
1040 547 1074 611 26

100 639 266 702 ¹Pleiadum
280 661 360 701 soror
373 653 418 700 est
433 639 558 719 genitrix
572 639 660 703 mihi:
682 640 830 701 maximus
844 640 933 702 Atlas

109 734 165 798 Est
180 758 261 813 avus,
277 737 428 798 etherium
443 736 493 818 qui
507 735 563 796 fert
576 735 739 797 cervicibus
758 755 864 798 axem:

108 830 225 915 Jupiter
240 833 313 894 alter
326 853 415 895 avus:
439 853 542 894 socam
556 851 674 916 quoque
689 831 794 912 glorior
805 832 864 893 illo.

107 927 162 990 Me
177 943 280 1010 gentes
295 942 430 990 metuunt
445 928 599 1010 Phrygia:
622 948 671 989 me
686 927 767 1007 regia
780 926 891 989 Cadmi
1037 932 1074 994 30

108 1022 170 1086 Sub
185 1024 304 1086 domina
319 1038 380 1085 est:
402 1024 566 1105 fidibusque
581 1023 640 1084 mei
654 1023 811 1086 commissa
824 1023 920 1084 mariti

105 1119 223 1183 Moenia
236 1141 305 1182 curn
320 1119 437 1200 populis
452 1140 469 1180 a
482 1138 590 1200 meque
605 1119 726 1200 viroque
741 1131 891 1198 reguntur.

61 1277 64 1281 .
106 1214 142 1277 In
157 1235 362 1297 quamcunque
376 1214 481 1276 domds
495 1214 616 1276 adverto
631 1214 742 1275 lumina
757 1226 882 1295 partem,

106 1308 261 1371 Immensae
275 1321 445 1390 spectantur
457 1329 541 1390 opes.
585 1307 714 1370 Accedit
728 1309 836 1373 eddom

106 1402 206 1484 Digna
219 1404 281 1466 dea
296 1402 396 1466 facies.
440 1402 510 1465 Huc
524 1415 607 1465 natas
621 1403 716 1487 adjice
729 1416 856 1487 septem,
1035 1407 1074 1471 35

105 1497 147 1561 Εῑ
161 1500 283 1561 totidem
293 1499 438 1582 juvenes;
461 1511 491 1560 et
505 1520 577 1562 mox
591 1520 773 1583 generosque
788 1520 949 1582 nurusque.

98 1595 238 1669 Querite
251 1616 340 1672 nunc,
355 1596 462 1659 habeat
477 1616 565 1678 quam
578 1609 677 1665 nostra
690 1596 826 1682 superbia
838 1617 978 1663 cauam:
1057 1615 1062 1624 ·

105 1689 215 1753 Nescio
230 1713 347 1774 quoque
362 1692 469 1753 audete
483 1704 577 1752 satam
591 1690 731 1754 litauida
746 1690 820 1752 Ceo

104 1784 250 1847 Latonam
265 1786 399 1868 praefene
412 1785 502 1860 mihi3
520 1785 573 1847 *cui
587 1785 717 1846 maxima
731 1784 879 1867 quondam

105 1879 254 1962 Exiguam
268 1882 370 1943 sedern
385 1881 518 1964 paritura
532 1893 610 1942 terra
623 1879 751 1961 negavit.
813 1951 815 1954 .
892 1929 903 1943 .
1033 1886 1074 1949 4ο

104 1975 171 2040 Nec
185 1979 273 2055 ooelo,
288 2001 345 2041 neo
360 1979 461 2054 humo,
473 1998 531 2039 neo
544 1976 627 2061 aquis
642 1975 698 2038 dea
709 1988 808 2041 restra
821 1989 944 2060 recepte
957 1991 1014 2043 est.
1096 2008 1100 2016 ·

98 2071 200 2137 Exsul
216 2087 278 2134 erat
291 2074 412 2148 mundi;
427 2073 522 2135 donec
543 2074 679 2134 miserata
693 2085 860 2154 vagantem,

105 2165 251 2248 ‘Hospita
264 2180 296 2228 tu
310 2169 393 2228 terris
408 2188 496 2242 erras,
511 2167 588 2247 ego,’
604 2167 689 2243 dixit,
706 2167 752 2230 ‘iu
767 2167 873 2250 undis,'

104 2260 331 2344 Instabilemque
341 2261 445 2325 loomn
459 2260 554 2323 Delos
569 2261 661 2324 dedit.
704 2261 760 2325 Illa
774 2263 888 2327 duobus

103 2355 197 2419 Facta
212 2378 333 2439 parens:
356 2357 431 2421 utari
445 2379 512 2440 pars
526 2371 572 2420 est
585 2358 649 2420 heo
663 2361 788 2442 septima
801 2359 901 2422 nostri.
1031 2363 1071 2426 45

104 2453 177 2516 Sum
192 2453 280 2518 felix:
303 2455 367 2538 quis
383 2455 462 2519 enim
476 2469 565 2538 neget
579 2455 657 2518 hoo?
680 2451 810 2539 salisque
824 2455 963 2522 manebo.

84 2549 172 2614 'Hoc
187 2573 304 2634 quoque
320 2553 383 2634 quis
399 2553 533 2615 dubitet?
555 2552 653 2613 tutum
665 2572 714 2613 me
727 2551 814 2633 copia
828 2550 908 2615 fecit.

102 2644 200 2726 Major
213 2667 289 2720 sum,
305 2647 394 2727 qudm
407 2647 455 2707 cui
470 2647 562 2728 possit
576 2645 710 2709 Fortuna
724 2667 842 2708 nocere.

101 2738 257 2822 Multaque
272 2753 304 2802 ut
313 2740 440 2823 -eripiat.;
461 2741 556 2802 multd
569 2741 641 2801 mihi
655 2741 740 2823 plura
752 2743 908 2826 relinquet.
1027 2807 1036 2831 .-

102 2834 269 2899 Excessdre
284 2852 396 2900 metum
409 2857 477 2899 mea
487 2835 549 2920 jam
564 2836 651 2898 bona.
696 2834 815 2916 Fingite
830 2837 910 2901 demi
1030 2843 1069 2904 50

101 2931 182 2995 Huic
197 2934 305 3018 aliquid
321 2935 431 3018 populo
445 2947 580 2997 natorum
594 2953 681 3016 posse
696 2954 847 3010 meorum3

95 3027 170 3091 dion
185 3043 284 3092 tamon
298 3033 336 3092 ad
350 3053 504 3094 numerum
519 3031 632 3112 redigar
640 3030 762 3113 spoliata
777 3031 899 3099 duorum

100 3123 239 3187 Latona:
262 3124 349 3186 turbd
363 3146 422 3206 quo
437 3112 581 3207 quantum
594 3124 731 3189 distatab
745 3127 838 3189 orba?

99 3220 144 3283 Ite
160 3222 258 3299 sacris,
273 3235 428 3304 properate
443 3222 549 3295 saoris3
571 3220 744 3302 laurumque
758 3222 871 3304 capillis

99 3318 238 3381 Ponite.'’
283 3317 466 3400 Deponuut3
488 3315 653 3399 infectaque
667 3337 749 3378 sacra
762 3319 931 3402 relinquunt
1027 3321 1068 3384 55

99 3411 250 3497 Quodque
265 3415 344 3492 licet,
359 3413 448 3477 tacito
463 3427 638 3476 venerantur
651 3434 799 3477 murmure
818 3436 938 3477 numen

139 3508 294 3592 indignata
308 3511 365 3575 dea
378 3523 440 3574 est:
464 3531 639 3595 summoque
653 3512 683 3574 in
698 3512 809 3576 vertice
823 3511 940 3594 Cynthi
