2348 4102
487 374 595 429 LIBER
618 376 693 429 XIII.

96 520 232 588 AEacidae
247 522 386 587 foecunda
400 525 451 587 fui.
496 526 587 589 Jacet-
600 525 675 589 Ilion
690 528 811 608 ingens:
882 561 884 564 >

98 620 280 703 Eventrupue
296 623 376 702 gravi
391 624 470 685 linita
485 637 530 684 est
544 625 662 705 publica
676 624 793 686 clades:

99 717 132 780 Si
146 718 227 778 linita
242 731 352 780 tament
398 719 459 780 Soli
474 721 545 781 mihi
560 719 709 801 Pergama
722 734 849 782 restant:
1013 724 1076 784 500

99 812 135 874 ln
149 835 295 896 cursuque
310 836 395 900 meus
410 816 493 877 dolor
508 828 562 876 est.
607 815 703 877 Modo
717 817 848 893 maxima
862 838 970 893 rerum,
1066 882 1068 884 ,

64 915 70 922 ’
99 907 162 970 Tot
177 911 291 990 generis
306 912 439 994 natisque
455 925 571 994 potens,
586 913 765 994 nuribusque
781 913 913 994 viroque,

99 1003 190 1074 Nunc
205 1007 304 1068 trahor
319 1008 414 1084 exsul,
429 1009 525 1091 inops,
541 1009 660 1070 tumulis
675 1009 776 1070 avulsa
790 1029 935 1085 meorum,

99 1099 261 1184 Penelopae
277 1125 400 1166 munus:
426 1126 490 1186 quae
505 1127 565 1181 me,
581 1105 649 1167 data
663 1127 756 1187 pensa
770 1107 948 1184 trahentem,

99 1195 245 1259 Matribus
261 1200 419 1262 ostendens
434 1200 554 1277 Ithacis,
570 1209 590 1238 “
600 1201 675 1264 Haeo
690 1201 829 1265 Hectoris
844 1203 892 1264 illa
907 1215 953 1266 est
1014 1205 1077 1266 505

100 1292 192 1355 Clara
206 1316 328 1376 parens:
352 1297 415 1360 hac
429 1299 505 1375 est,''
522 1299 611 1375 dicet,
628 1305 647 1336 “
658 1298 807 1361 Priameia
817 1299 965 1384 'conjux.’'
986 1375 990 1381 ι

99 1389 233 1473 Postque
248 1405 292 1454 tot
306 1395 428 1456 amissos
442 1409 474 1455 tu
490 1417 579 1470 nunc,
595 1409 659 1476 quae
673 1397 736 1456 sola
749 1397 871 1458 levabas
979 1419 982 1423 ·

98 1484 252 1556 Matemos
266 1489 374 1564 luctus,
390 1490 506 1550 hostilia
519 1489 606 1550 busta
621 1489 718 1571 pibsti.

98 1581 221 1653 Inferias
237 1585 315 1646 host-i
330 1585 444 1666 peperi.
489 1584 563 1657 Quo
578 1583 672 1645 serres
686 1587 785 1649 resto?

99 1678 224 1753 Quidve
239 1682 357 1742 moror?
380 1681 441 1763 qud
454 1701 504 1743 me
518 1688 628 1757 servas,
643 1680 784 1743 damnosa
798 1685 956 1745 senectus?
1014 1685 1078 1747 510

99 1774 194 1852 Quid,
211 1776 242 1837 di
256 1777 402 1854 crudeles,
417 1778 471 1840 nisi
487 1779 547 1861 qud
561 1798 641 1840 nova
655 1776 758 1840 funcra
775 1799 906 1856 cernam,
1029 1791 1031 1794 ⁴

99 1870 248 1934 Vivacem
263 1873 385 1953 differtis
399 1877 510 1936 anurni
555 1874 633 1948 Quis
649 1896 742 1956 posse
751 1887 868 1957 putaret

98 1967 235 2039 Elelicern
251 1969 421 2047 Priamum,
430 1983 497 2053 post
511 1971 607 2032 diruta
620 1970 779 2052 Pergama,
795 1971 874 2034 dicii

100 2064 190 2129 Felix
205 2080 298 2128 morte
314 2067 377 2144 sub,
392 2088 449 2130 neo
464 2082 505 2144 te,
519 2089 588 2130 mea
602 2081 681 2144 nata,
697 2082 883 2152 peremptam

99 2162 249 2246 Adspicit,
265 2178 296 2225 et
310 2165 402 2226 vitam
416 2166 523 2248 pariter
537 2184 721 2250 regnumque
734 2166 861 2250 reliquit.
1014 2170 1077 2232 515

98 2259 143 2321 At
160 2257 263 2344 (puto)
281 2260 430 2324 funeribus
445 2263 596 2339 dotsbere,
610 2264 692 2344 regia
706 2263 806 2344 virg03

99 2355 414 2440 condeturquertuum
428 2359 629 2428 monumentis
639 2380 747 2440 corpus
767 2360 862 2422 avitis.

99 2451 171 2525 Non
186 2452 248 2516 haec
263 2467 308 2517 est
323 2453 438 2517 fortuna
453 2453 568 2515 dumbs.
613 2453 684 2514 Tibi
698 2475 820 2517 munera
833 2457 948 2527 matris

100 2551 286 2633 Contingent
299 2551 397 2627 fletus,
413 2548 636 2633 peregrinaque
648 2549 769 2611 haustus
785 2570 889 2625 arene,
984 2576 986 2580 ·
1078 2556 1082 2560 “

100 2647 212 2711 Omnia
226 2649 418 2731 perdidimus.
463 2648 616 2731 Superest,
627 2668 681 2710 cur
696 2647 795 2710 vivere
810 2661 928 2733 tempus
1013 2652 1077 2715 500

99 2744 134 2807 ln
149 2747 240 2808 breve
256 2746 426 2822 sustineam,
442 2746 539 2828 proles
554 2744 716 2827 gratissima
729 2746 825 2822 matri,
898 2773 899 2776 ¹

100 2841 190 2905 Nunc
205 2843 295 2918 soluS,
312 2843 463 2925 quondam
474 2843 611 2904 minimus
626 2843 667 2902 de.
679 2842 769 2921 stirpe
786 2842 882 2917 virili,

101 2938 165 3009 llas
180 2940 265 3000 datus
279 2938 401 3003 lsrnario
415 2939 478 3018 regi
492 2937 660 3019 Polydorus
676 2937 705 2997 in
720 2947 796 2996 orae.

100 3035 185 3108 Quid
201 3057 299 3098 moror
312 3036 425 3097 interes
439 3032 569 3095 crudelia
584 3033 705 3094 vulnera
719 3033 869 3115 lymphis-¹

101 3133 244 3208 Abluere,
260 3146 289 3194 et
304 3153 419 3215 sparsos
434 3130 538 3193 immiti
552 3130 693 3212 sanguine
708 3130 849 3193 vultusi’s
1014 3135 1077 3197 525

143 3229 248 3292 Dixit:
272 3243 301 3291 et
317 3230 355 3291 ad
369 3230 449 3292 littus
465 3251 552 3312 passu
568 3229 709 3311 processit
723 3229 802 3306 anili,

101 3327 248 3389 Albentes
262 3327 370 3388 laniata
384 3348 495 3392 comas.
541 3325 650 3402 ‘Date‚
662 3315 807 3402 Troades,
822 3325 947 3402 urnam,’

102 3423 229 3492 frixerat
244 3424 357 3501 infelix,
372 3425 496 3507 liquidas
511 3423 640 3484 hauriret
654 3438 687 3484 ut
702 3423 811 3485 undas:

103 3521 239 3606 Adspicit
254 3522 386 3608 ejectum
398 3519 585 3603 Polydoriin
598 3519 695 3582 littore
709 3539 828 3601 corpus,
