2348 4102
513 377 621 429 LIBER
636 378 668 430 V.

99 525 165 590 Cui
178 524 300 608 triplicis
314 525 402 587 cessit
416 522 532 587 fortuna
544 525 702 588 novissima
716 527 808 608 regni.

98 621 154 684 Tu
168 643 302 704 superos,
317 622 473 704 ipsumque
487 620 606 698 Jovem,
621 635 652 684 tu
668 623 789 685 numina
805 623 886 706 ponti

101 717 196 781 Vlcta
209 719 322 794 domas,
336 718 504 800 ipsumque,
517 718 592 798 regit
607 719 657 801 qui
671 720 791 781 numina
806 719 898 802 ponti.

99 814 228 877 Tartara
242 814 312 898 quid
326 817 463 876 cessant?
485 835 538 876 cur
552 835 611 876 non
626 815 784 897 matrisque
798 828 941 899 tuumque

100 912 264 996 Imperium
279 912 412 995 profers?
434 913 529 994 agitur
542 933 610 994 pars
624 913 709 974 tertia
724 913 836 974 mundi.
1012 908 1081 979 Ι211)

102 1008 145 1071 Et
158 1023 260 1072 tamen
274 1009 304 1070 in
319 1010 407 1085 ooelo,
422 1029 486 1091 quae
497 1007 561 1092 jam
575 1009 716 1091 patientia
730 1023 828 1071 nostra
841 1023 897 1086 est,

101 1104 292 1187 Spemimur:
316 1126 351 1166 ac
366 1126 485 1167 mecum
500 1105 577 1166 vires
591 1105 762 1167 minuuntur
775 1106 905 1169 Amoris.

100 1199 227 1263 Pallada
241 1221 339 1262 nonne
356 1200 447 1276 vides,
458 1200 720 1284 joculatricemque
735 1200 875 1279 Dianam,

100 1297 292 1359 Abscessisse
306 1297 399 1358 mihi?
421 1296 542 1359 Cereris
556 1317 674 1380 quoque
689 1297 747 1359 filia
762 1298 854 1380 virgo,

100 1392 135 1456 si
149 1394 305 1476 patiemur,
320 1394 391 1456 crit:
414 1414 484 1455 nam
498 1413 567 1476 spes
582 1393 700 1456 affectat
714 1395 844 1457 easdem.
966 1472 968 1476 Α
1013 1396 1077 1458 215

100 1489 146 1550 At
159 1501 202 1565 tu,
219 1510 273 1571 pro
287 1489 369 1550 socio
381 1489 406 1551 si
421 1509 481 1571 qua
494 1501 539 1549 est
553 1510 621 1550 mea
636 1490 728 1569 gratia
741 1510 842 1569 regno,

99 1577 200 1666 Iunge
215 1585 304 1647 deam
319 1584 445 1666 patruo?
490 1582 578 1644 Dixit
593 1582 708 1644 Venus.
752 1583 807 1645 llle
826 1584 993 1666 pharetram

99 1679 214 1743 &alvitz
239 1694 270 1742 et
286 1679 404 1741 arbitrio
417 1678 517 1742 matris
532 1679 570 1740 de
584 1678 664 1740 mille
678 1678 790 1759 sagittis

99 1775 203 1839 Unam
217 1776 358 1859 seposuit,
372 1775 499 1857 sed-que
512 1795 568 1837 nec
583 1775 696 1837 acutior
708 1775 779 1852 ulla,

100 1871 170 1935 Nec
183 1873 280 1934 minus
295 1873 405 1934 incerta
418 1885 472 1947 est,
487 1892 544 1933 nec
559 1892 622 1953 quae
637 1870 731 1952 magis
745 1871 845 1933 audiat
858 1891 970 1934 arcum
1013 1873 1077 1936 22)

100 1967 309 2052 Oppositoque
324 1989 402 2049 genu
416 1966 550 2030 curvavit
564 1967 666 2028 flexile
681 1987 789 2027 cornu:

99 2063 197 2148 Inque
212 2086 264 2127 cor
277 2063 397 2125 hamata
411 2063 555 2146 percussit
570 2062 711 2125 arundine
726 2061 841 2124 Ditem.

144 2159 237 2223 Haud
252 2162 354 2242 procul
369 2160 510 2223 Hennaeis
524 2160 605 2222 lacus
620 2172 665 2221 est
680 2180 698 2221 a
711 2159 858 2222 moenibus
872 2157 948 2236 alte,

101 2255 232 2321 Nomine
248 2256 372 2338 Pergus,
387 2251 480 2339 aqua.
525 2256 595 2318 Non
610 2257 660 2318 illo
675 2257 759 2338 plura
773 2255 917 2339 Caystros

101 2352 244 2416 Carmina
259 2375 424 2436 cygnorum
437 2353 602 2414 labentibus
616 2353 698 2413 audit
711 2353 742 2412 in
756 2353 853 2414 undIs.
1012 2352 1076 2417 Μ

101 2449 184 2513 Silva
197 2462 318 2512 coronat
333 2468 435 2530 aquas,
449 2448 570 2527 ciugens
584 2447 659 2507 latus
673 2467 761 2507 omne
774 2467 783 2521 ;
804 2447 922 2528 suisque

101 2545 280 2621 Frondibus,
296 2558 328 2606 ut
343 2544 422 2620 velo,
438 2542 590 2605 Phoebeos
603 2541 760 2603 submovet
774 2540 858 2602 ictus.

101 2640 226 2724 Frigora
240 2642 310 2703 dant
325 2641 409 2716 rami,
423 2639 533 2722 Tyrios
548 2639 655 2701 humus
669 2637 790 2700 humida
807 2636 904 2701 flores.

100 2738 286 2822 Perpetuum
302 2759 354 2800 ver
369 2749 423 2799 est.
469 2734 542 2809 Quo
556 2735 627 2797 dum
642 2735 821 2817 Proserpina
838 2735 907 2797 luco

84 2835 205 2912 Ludit,
221 2849 316 2897 etant
331 2835 432 2910 violas,
447 2846 497 2894 aut
511 2833 638 2895 candida
651 2833 710 2894 lilia
724 2832 835 2912 carpit3
1011 2833 1077 2895 230

101 2931 246 3015 Dumque
261 2931 384 3013 puellari
398 2930 498 3009 studio
509 2928 701 3009 calathosque
716 2927 871 3006 sinumque

101 3027 223 3110 Implet,
238 3041 267 3089 et
282 3027 409 3110 aquales
423 3037 517 3087 certat
531 3044 670 3105 superare
685 3021 830 3103 legend03

94 3123 187 3187 *resa
203 3124 288 3185 simul
304 3125 366 3186 visa
381 3136 437 3200 est,
452 3121 629 3205 dilectaque,
643 3134 785 3203 raptaque
801 3118 882 3181 Diti:

101 3219 207 3304 Usque
224 3221 299 3283 adeo
315 3233 487 3304 properatur
501 3241 593 3282 amor.
637 3217 714 3281 Dea
722 3218 822 3280 territa
835 3229 943 3280 moesto

102 3316 144 3379 Et
157 3330 293 3394 matrem,
308 3330 338 3379 et
352 3317 485 3394 comites,
500 3317 553 3378 sed
568 3329 693 3378 matrem
707 3315 822 3398 sapius,
833 3334 884 3376 ore
1012 3311 1076 3374 W

102 3412 241 3477 Clamat:
265 3428 352 3490 et,··ut
367 3413 485 3477 summa
499 3426 613 3476 vestem
627 3412 750 3475 laniarat
764 3412 800 3473 ab
815 3409 877 3484 ora,
936 3426 947 3435 ·

102 3508 232 3574 Collecti
246 3512 333 3575 flores
348 3511 453 3574 tunicis
467 3509 755 3574 cecidero-remissis.

358 3608 405 3670 6*
