2348 4102
491 390 600 441 mersu
616 390 689 440 vm.
804 454 810 464 ι

100 538 220 603 Fistula
234 538 396 621 disparibus
410 537 551 620 paulatim
566 539 657 619 surgit
671 537 783 600 evenis

98 635 186 698 'llrm
198 635 261 697 lino
275 635 396 710 medius,
411 648 442 695 et
455 634 530 696 ceris
545 634 644 715 alligat
657 634 744 696 imus.

102 730 206 813 Atque
221 731 261 792 ita
275 730 451 812 compositus
466 751 558 810 parvo
572 730 742 791 curvamine
753 728 864 805 flectit3

101 825 147 888 Ut
162 846 247 887 veras
262 825 411 887 imitentur
425 845 506 887 aves.
550 825 632 886 Puer
645 824 745 886 Icarus
757 824 819 885 uuir

99 921 225 983 Stabat:
248 933 289 996 et,
304 920 421 1001 ignarus
435 927 534 982 suase
548 932 672 981 tractare
688 920 808 1002 pericla,

100 1016 165 1078 Ore
180 1016 336 1092 renidenti,
351 1016 442 1078 modd
457 1036 529 1098 quas
545 1036 620 1096 vagu
633 1028 766 1077 moverat
780 1021 860 1091 auru,

98 1110 253 1193 Captabat
267 1112 398 1194 plumas:
421 1111 530 1172 flevum
543 1111 634 1173 modd
648 1111 757 1192 pollice
770 1131 869 1173 cerem

101 1205 251 1283 Mollibat,
265 1208 460 1289 lusuquefflsuo
475 1207 606 1268 mirabile
621 1207 710 1289 patris

100 1301 288 1385 impediebat
301 1323 386 1386 opus.
431 1302 594 1386 Postquam
608 1323 712 1364 msnns
728 1303 829 1364 ultima
842 1302 950 1384 coeptis

101 1397 246 1481 Imposita
260 1411 322 1474 est;
345 1399 477 1479 geminus
491 1398 593 1481 opifex
606 1399 722 1461 libravit
736 1399 766 1460 in
781 1399 841 1460 alas

100 1493 171 1578 lpse
185 1516 272 1556 suum
286 1515 410 1577 corpus:
434 1494 573 1576 motique
589 1495 733 1576 pependit
746 1495 776 1555 in
791 1493 872 1558 suit.

144 1589 265 1652 Instruit
279 1602 310 1651 et
324 1602 445 1651 natum:
468 1588 651 1670 ‘Mediuque
665 1602 698 1649 ut
712 1589 805 1656 limite
819 1608 928 1663 curres,

100 1685 210 1775 lcaress·
220 1687 272 1763 ait,
290 1692 431 1747 ‘monem
454 1705 503 1762 ne,
518 1684 542 1746 si
557 1684 710 1746 demissior
723 1683 787 1760 rtis,

100 1781 192 1845 Unda
206 1794 308 1863 gravet
323 1801 464 1864 pennas}
475 1780 500 1843 si
513 1780 628 1857 celsior,
643 1781 717 1862 ignis
731 1779 845 1844 edurat.

100 1877 184 1940 Inter
197 1891 353 1960 utrumque
369 1878 446 1939 vols.
490 1876 520 1939 N
522 1898 558 1939 ec
573 1884 603 1938 te
617 1873 751 1959 spectare
766 1876 896 1953 Boiiten,

100 1974 167 2036 Aut
182 1972 309 2035 Helicen
321 1972 424 2056 jubeo,
439 1973 611 2035 strictumve
627 1971 746 2033 Orionis
760 1987 876 2034 ensem:

100 2068 156 2131 Me
171 2070 259 2145 duce,
272 2089 362 2152 carpe
377 2069 475 2130 viam?
520 2068 635 2130 Pariter
648 2080 796 2152 precepta
810 2067 928 2131 volendi

97 2164 225 2240 Tradit;
246 2178 278 2227 et
292 2165 405 2246 ignotas
420 2165 550 2228 humeris
564 2165 773 2228 adcommodat
789 2165 861 2228 elus.
910 2221 913 2227 ,

64 2324 70 2337 ,
100 2261 182 2324 luter
193 2281 268 2342 opus
282 2261 470 2342 monitusque
483 2282 567 2342 genu
580 2261 722 2324 maduere
736 2262 860 2324 seniles:

100 2357 143 2425 Et
157 2357 255 2440 pa'triae
270 2356 417 2418 tremuere
432 2375 547 2416 monus.
591 2355 685 2417 Dedit
699 2358 801 2418 oscula
813 2370 884 2419 nato

101 2448 171 2514 Non
186 2453 292 2513 iterum
307 2448 470 2531 repetenda
483 2469 553 2510 suo:
577 2450 741 2530 pennisque
755 2451 870 2512 levatus
971 2451 973 2454 ’

100 2549 182 2612 Ante
197 2548 294 2623 volat3
316 2545 476 2627 comitique
490 2545 592 2607 timet:
615 2545 698 2606 velut
712 2544 784 2622 eles,
795 2545 832 2608 ab
845 2545 905 2608 alto

98 2643 178 2717 Quae
193 2657 326 2706 teneram
341 2642 454 2723 prolem
469 2640 605 2723 producit
619 2641 649 2702 in
664 2644 733 2703 ac'ra
745 2642 825 2704 nido.

100 2738 301 2822 Hortaturque
316 2736 418 2820 sequi;
436 2736 653 2820 damnosasque
667 2738 763 2800 emdit
776 2752 871 2802 artes:

100 2835 142 2898 Et
156 2848 257 2908 movet
272 2834 336 2915 ipse
350 2853 428 2908 suas,
442 2845 473 2894 et
488 2834 548 2895 nati
562 2834 766 2914 respicitulas.
789 2891 790 2895 ,

142 2930 208 2993 Hos
224 2929 336 3013 aliquiS,
351 2927 478 2990 tremuli
492 2927 563 2989 dum
577 2941 677 3008 captat
692 2927 832 2989 amndiue
847 2929 954 3010 pisces,
1031 2932 1074 2992 35

99 3029 164 3090 Aut
179 3039 277 3108 pastor
289 3024 408 3098 baculu,
423 3022 789 3100 stivireinnixus'amtor,

101 3124 196 3199 Vidit,
211 3135 242 3183 et
256 3120 423 3203 obstupuit*
447 3107 556 3202 quique
571 3120 680 3181 ethera
693 3140 814 3203 carpere
828 3135 959 3204 possent,

97 3219 236 3282 Credidit
251 3238 315 3280 esse
330 3218 412 3280 deos.
457 3214 499 3278 Et
509 3216 571 3300 jam
585 3216 715 3284 «Iunonia
728 3217 803 3281 levir

100 3317 190 3378 Parte
206 3314 311 3377 Samos
326 3313 451 3389 fueram,
467 3311 631 3396 Delosque,
647 3314 799 3398 Parosque
818 3315 943 3376 relicte:

100 3413 217 3475 Dextra
232 3410 407 3492 Lebyrrthos
421 3421 515 3483 erant,
531 3408 727 3494 foecurrdaque
741 3411 830 3472 melle
845 3408 1014 3491 Calymne:
1030 3411 1073 3473 40

99 3507 182 3573 Cinn
198 3527 273 3591 puer
287 3505 390 3571 endeei
403 3505 497 3587 coepit
511 3503 639 3587 gaudere
654 3506 774 3580 roletu3
