2348 4102
71 106 117 171 te
386 109 736 164 uerrucamosnon

71 259 215 343 Dumque
229 273 331 342 rogut3
353 280 408 342 pro
422 256 484 341 qua
496 271 590 339 rogat,
602 257 721 320 occidit.
764 255 974 323 ornament
1034 340 1038 347 Δ
1072 210 1079 233 ⁶

72 353 236 419 Exanimes
252 357 327 419 inter
340 367 437 430 natos,
450 366 604 436 natasque,
619 354 791 435 virumque:
888 398 909 411 .
988 351 1046 417 155
1156 440 1166 449 .

71 450 259 534 Diriguitque
273 451 369 513 malis.
413 448 521 511 Nullos
534 462 636 511 movet
649 469 720 511 cura
733 447 867 529 capillos.

70 544 106 611 lu
121 548 205 609 vultu
219 548 301 608 color
316 547 438 609 estsine
453 547 613 626 sauguine:
636 545 747 606 lumina
760 543 875 605 moestia

71 632 156 704 Stant
172 642 293 705 immota
308 643 408 724 genis:
431 643 502 704 nihil
517 653 563 703 est
577 641 607 702 iu
622 640 749 721 imagine
764 639 833 701 vivi.

70 736 140 820 Ipsa
158 759 276 821 quoque
292 738 412 800 interius
426 758 496 800 cum
511 737 584 797 duro
598 737 698 816 lingua
713 735 814 816 palato

71 831 229 914 congelat,
245 847 275 895 et
289 853 373 895 senc
386 833 530 894 desismnt
545 852 631 914 posse
646 831 769 892 moveri.
988 831 1049 895 16⁰

70 925 137 989 Nec
152 927 232 989 flecti
246 929 361 1003 cervix,
376 949 432 990 nec
447 928 567 990 brachia
580 927 704 989 reddere
722 939 833 1007 gestus,

70 1019 137 1083 Nec
152 1043 206 1103 pes
221 1023 263 1082 ire
278 1034 393 1103 potest:
416 1023 491 1083 intra
506 1042 623 1104 quoque
636 1023 750 1084 viscera
764 1043 870 1084 saxum
883 1034 943 1085 eat.
1008 1048 1018 1059 ·
1130 1038 1133 1051 ·

69 1112 139 1177 Flet
153 1128 264 1192 tamen,
279 1130 310 1178 et
325 1116 412 1179 validi
426 1117 607 1180 circumdata
621 1118 737 1180 turbine
752 1117 834 1180 venti

68 1208 104 1271 In
120 1211 244 1292 patriam
258 1225 342 1295 rapta
355 1226 418 1275 est:
440 1214 492 1275 ubi
505 1214 566 1275 fixa
579 1214 733 1276 cacumine
747 1213 855 1276 montis

68 1304 218 1389 Liquitur,
230 1321 261 1370 et
275 1309 421 1391 lacrymas
435 1310 598 1372 etiamnum
612 1329 757 1372 marmora
774 1321 909 1371 manant.
988 1307 1049 1371 165

138 1596 277 1653 amus,
299 1595 442 1652 PROONE,
461 1592 663 1650 numme,
683 1591 718 1634 IN
740 1591 821 1634 &VEB
843 1592 983 1637 ΜΠΤΔἩ.

496 1812 526 1851 v.
543 1791 621 1853 620.

111 1971 160 2032 Ad
176 1981 301 2030 matrem
317 1967 453 2028 veniebat
467 1965 541 2047 Itys.
586 1965 672 2038 Quid
686 1968 790 2048 possit,
803 1967 842 2029 ab
855 1967 908 2050 illo

67 2064 229 2126 Admonita
244 2076 305 2124 est:
328 2062 480 2143 oculisque
494 2074 581 2123 tuens
594 2061 764 2138 immitibus,
780 2063 850 2124 ‘Ah
869 2066 978 2146 qoam

67 2157 111 2222 Es
125 2159 226 2221 similis
241 2159 316 2240 patri
326 2158 345 2220 l'
368 2158 453 2220 dixit.
498 2155 566 2220 Nec
580 2158 665 2239 plura
678 2159 789 2234 locuta,

66 2253 166 2317 Triste
181 2268 264 2336 parat
279 2254 411 2329 lacinus3
432 2252 581 2335 tacitique
596 2266 739 2314 exastuat
752 2253 806 2314 irie.

109 2350 154 2410 Ut
168 2363 268 2411 tamen
283 2350 407 2410 accessit
420 2361 516 2423 natus,
533 2348 677 2429 matrique
691 2348 818 2410 salutem
985 2354 1046 2415 170

67 2444 187 2518 Attulit,
203 2457 234 2504 et
247 2444 344 2524 parvis
358 2443 483 2504 adduxit
496 2444 573 2503 colla
586 2443 713 2517 lacertis,
841 2492 845 2499 ,

66 2537 225 2621 Mixtaque
239 2537 386 2600 blauditiis
399 2537 560 2620 puerilibus
573 2536 675 2597 oscula
685 2537 803 2619 junxit3
876 2608 880 2615 ἢ

66 2633 153 2698 Mota
168 2635 288 2717 quidem
301 2648 347 2698 est
361 2635 506 2717 genitrix3
528 2631 708 2715 infractaque
722 2632 852 2696 constitit
866 2634 926 2697 irat

66 2729 213 2812 Invitique
227 2732 304 2792 oculi
320 2733 457 2813 lacrymis
471 2730 613 2793 maduere
627 2729 749 2792 coactis

66 2825 128 2887 Sed
143 2826 229 2886 simul
245 2847 284 2886 cx
298 2825 390 2885 nimiis
403 2841 527 2888 matrem
542 2827 653 2907 pietate
667 2827 766 2886 labare
983 2829 1044 2890 175

55 2921 176 2996 Sensit,
193 2922 229 2982 ab
243 2921 301 2981 hoc
315 2920 422 2982 itemm
436 2934 482 2981 est
496 2920 534 2981 ad
546 2920 645 2979 vultus
660 2939 745 2980 versa
757 2919 883 2996 sororis3

66 3016 160 3100 Inque
176 3017 272 3078 vicem
287 3027 424 3097 spectans
438 3015 550 3088 ambos,
565 3012 649 3076 ‘Cur
662 3014 823 3091 admovet,'
837 3015 943 3098 inquit,
1038 3004 1043 3012 ’

67 3120 76 3149 ‘
88 3113 175 3173 Alter
188 3111 342 3174 blanditias
353 3132 361 3187 3
383 3111 469 3194 raptis
482 3110 548 3171 silet
562 3111 654 3172 altera
664 3110 786 3190 lingua?

67 3205 170 3280 Quam
185 3221 272 3270 vocat
286 3209 334 3270 hic
347 3220 483 3284 matrem,
496 3227 550 3270 cur
563 3228 624 3269 non
638 3219 724 3269 vocat
737 3206 787 3269 illa
799 3209 953 3270 amorem?
