2348 4102
505 371 613 426 tmen
631 372 679 427 111.
1029 369 1069 433 41

91 521 211 585 ⁴Praeter
225 541 326 606 aquas.
371 519 474 584 Unum
489 525 547 585 hoc
562 544 682 605 possum
699 525 848 606 appellare
862 538 1028 607 paternum.

96 618 178 681 Mox
192 640 260 699 ego,
274 639 313 679 ne
327 620 456 701 scopulis
470 620 611 681 haererem
625 641 743 701 semper
757 621 787 681 in
802 619 907 697 isdem,
1013 624 1073 684 176

97 712 241 777 Addidici
254 715 396 794 regimen,
411 714 518 776 dextrb
531 716 712 790 moderante,
728 716 831 776 carinae

97 807 256 871 Flectere:
281 822 311 870 et
324 809 439 871 Oleniae
454 810 533 871 sidus
548 811 676 892 pluviale
690 810 822 890 capellae,

99 902 329 986 Taygetenque,
344 903 528 987 Hyadesque
543 904 635 965 oculis
649 904 822 986 Arctonque
837 906 945 981 notavi,

100 997 328 1082 Ventorumque
343 999 456 1075 domos,
468 1013 499 1060 et
512 1013 613 1081 portus
625 999 774 1081 puppibus
786 1012 881 1079 aptos.
1014 1002 1074 1063 180

144 1092 246 1155 Forte.
251 1107 357 1175 petens
371 1092 483 1169 Delon,
499 1094 564 1155 Diae
579 1095 689 1155 telluris
705 1095 742 1155 ad
756 1113 821 1156 oras

99 1187 257 1270 Applicor,
272 1201 302 1248 et
316 1189 426 1249 dextris
442 1189 572 1250 adducor
585 1190 680 1250 littora
694 1191 800 1252 remis:

99 1283 211 1365 Doque
226 1283 308 1344 leves
322 1284 429 1345 saltus:
453 1285 576 1366 udaeque
591 1285 698 1347 innitor
712 1306 817 1347 arenae.

100 1378 174 1440 Nox
188 1379 239 1440 ubi
252 1392 427 1461 consumpta
442 1393 504 1454 est;
527 1381 643 1442 Aurora
656 1380 810 1443 mbescere
825 1383 952 1463 primum

100 1473 264 1557 Coeperat:
289 1496 428 1554 exsurgo,
443 1475 604 1556 laticesque
619 1475 725 1536 inserre
740 1491 873 1538 recentes
1015 1479 1075 1539 185

102 1570 281 1646 Admone03
302 1583 491 1651 monstroque
507 1571 596 1644 viam,
612 1591 676 1650 quae
691 1571 779 1630 ducat
794 1572 830 1631 ad
845 1572 949 1632 undas.

102 1664 182 1748 Ipse,
198 1665 269 1749 quid
286 1685 356 1726 aura
371 1664 443 1725 mihi
457 1665 571 1726 tumulo
584 1664 734 1746 promittet
749 1665 786 1725 ab
800 1665 869 1742 alto,

101 1759 272 1843 Prospieio:
296 1760 478 1842 comitesque
493 1781 577 1836 voco,
592 1774 754 1844 repetoque
768 1762 907 1823 carinam.

102 1863 123 1893 “
133 1857 285 1917 Adsumus
300 1856 489 1938 en,”tnquit,
503 1856 648 1917 sociorum
663 1857 773 1938 primus
788 1856 954 1940 Opheltes:

102 1949 206 2034 thue
221 1964 315 2034 putat,
327 1951 455 2034 praedam
470 1951 587 2012 deserto
600 1964 703 2012 nactus
718 1951 748 2011 in
763 1971 843 2031 agro,
1016 1955 1076 2016 190

103 2045 248 2127 Virginei
262 2067 387 2128 puerum
401 2046 482 2108 ducit
495 2067 550 2128 per
562 2047 659 2108 littora
673 2045 777 2107 formai.

146 2141 212 2218 Ille,
227 2163 309 2204 mero
323 2164 485 2226 somnoque
500 2143 606 2224 gravis,
621 2143 745 2205 titubare
761 2142 895 2223 videtur3

104 2236 228 2320 Vixque
242 2239 335 2320 sequi.
380 2239 491 2320 Specto
504 2240 627 2315 cultum,
643 2238 818 2321 faciemque,
834 2239 1031 2323 gradumque:

104 2332 156 2396 Nil
171 2335 221 2410 ibi,
237 2336 316 2417 quod
330 2319 429 2416 posset
443 2334 523 2395 credi
536 2335 671 2409 mortale,
686 2335 834 2396 videbam.

105 2429 148 2492 Et
161 2431 249 2507 sensi,
265 2444 296 2492 et
311 2429 372 2488 dixi
386 2428 481 2503 sociiS,
497 2426 620 2498 “Quod
634 2449 744 2487 numen
758 2429 788 2487 in
802 2429 857 2489 isto
1017 2425 1081 2492 195'

104 2525 241 2609 Corpore
256 2527 293 2588 sit
308 2525 427 2585 dubito:
451 2522 502 2584 sed
517 2542 640 2604 corpore
655 2543 764 2582 numen
780 2523 810 2583 in
825 2522 879 2583 isto
894 2535 949 2584 est.

104 2622 252 2704 Quisquis
267 2641 309 2696 es,
324 2642 342 2682 o
357 2619 467 2696 faveas,
482 2618 645 2702 nostrisque
660 2619 805 2680 laboribus
820 2618 907 2682 adsis.

105 2717 164 2780 His
179 2738 297 2802 quoque
312 2716 364 2778 des
379 2716 528 2778 veniam.''
574 2714 663 2777 “Pro
678 2716 761 2777 nobis
775 2716 859 2777 mitte
875 2715 1018 2798 preceri,’'

105 2814 217 2896 Dictys
232 2814 287 2874 sit:
311 2834 370 2895 quo
384 2834 442 2874 non
457 2813 529 2873 alius
544 2812 742 2874 conscendere
757 2832 885 2872 summas

105 2909 201 2972 Ocior
214 2923 365 2985 antennas,
381 2929 547 2991 prensoque
561 2907 685 2967 rudente
700 2906 801 2966 relabi.
1016 2909 1079 2969 200

106 3004 177 3068 Hoc
191 3005 297 3088 Libys,
311 3007 369 3066 hoc
385 3004 488 3079 flavus,
503 3023 595 3085 prorae
610 3001 712 3077 tutela,
727 2998 909 3078 MelanthuS,

106 3101 178 3164 Hoc
193 3103 297 3184 probat
312 3101 506 3164 Alcimedon:
531 3113 571 3176 et,
586 3098 636 3182 qui
649 3099 840 3182 requiemque
854 3099 1034 3184 modumque

108 3198 195 3262 Voce
210 3199 297 3261 dabat
311 3199 408 3275 remis,
424 3198 585 3260 animorum
600 3197 730 3258 hortator
744 3195 906 3278 Epopeus:

107 3294 178 3358 Hoc
193 3316 296 3357 omnes
311 3296 368 3357 alii.
413 3293 523 3356 Praedae
538 3307 596 3356 tam
612 3314 692 3355 ceca
704 3293 814 3375 cupido
828 3305 883 3353 est.

108 3399 129 3430 “
140 3391 210 3454 Non
225 3405 324 3453 tamen
339 3392 415 3453 hanc
430 3412 513 3453 sacro
527 3391 627 3452 violari
642 3391 771 3472 pondere
787 3389 889 3469 pinum
1016 3387 1079 3450 205

107 3488 296 3573 Perpetiar,”
312 3487 390 3550 dixi:
415 3495 434 3524 “
445 3507 511 3569 pars
525 3485 574 3573 bio
588 3487 660 3549 mibi
674 3486 804 3548 maxima
814 3482 920 3568 juris.''

365 3585 415 3648 4*
