2348 4102
518 385 627 441 mnan
642 385 674 440 V.
1040 383 1081 446 67

92 529 185 597 Nam
200 533 298 596 brevis
312 534 341 596 in
356 535 467 616 gelidas
482 536 621 600 membris
635 536 762 599 exilibus
775 535 869 599 undas
1019 540 1083 602 270

102 628 259 692 'llansitus
275 643 329 692 est.
374 631 525 694 Posthac
540 645 725 715 tergumque,
737 632 924 716 humerique,
935 631 1080 717 latusque,

102 724 292 807 Pectoraque
306 725 336 787 in
352 739 456 789 tenues
471 727 581 789 abeunt
596 727 721 790 evanida
735 729 824 791 rivos.

102 820 245 905 Denique
260 842 314 903 pro
328 823 397 883 vivo
411 823 525 884 vitiatas
540 824 681 904 sanguine
697 845 795 885 venas

100 911 246 999 Lympha
260 917 353 978 subit:
376 930 526 999 restatque
540 918 623 993 nihil,
639 918 718 999 quod
733 919 878 1000 prendere
892 920 996 1003 possis.

143 1011 264 1073 Interea
278 1012 391 1093 pavidae
405 1014 605 1096 nequicquam
619 1014 678 1075 lilia
692 1015 778 1076 matri
1018 1016 1085 1078 att·

101 1105 250 1168 Omnibus
265 1121 311 1168 est
324 1109 418 1184 terris,
433 1110 513 1171 omni
528 1110 649 1191 quaesita
663 1109 822 1192 profirndo.

96 1201 188 1264 ‘lllam
204 1224 263 1264 non
278 1204 369 1266 rutilis
384 1205 506 1267 veniens
522 1204 639 1267 Aurora
652 1207 766 1289 capillis

101 1297 282 1360 Cessantem
296 1300 378 1376 vidit,
392 1322 451 1362 non
467 1299 639 1383 Hesperus:
662 1302 712 1364 illa
726 1302 840 1364 duabus

100 1392 295 1457 Flammiferb
310 1397 397 1478 pinus
413 1396 547 1459 manibus
562 1399 716 1460 succendit
730 1399 767 1459 ab
782 1397 877 1460 AEtnir
885 1389 901 1476 ;¹

100 1488 222 1572 Perque
236 1492 388 1573 pruinosas
402 1493 468 1553 tulit
482 1493 638 1574 irrequieta
651 1494 797 1555 tenebras.
961 1557 965 1563 ,
1017 1493 1081 1556 aet)

100 1583 228 1662 Rursus,
243 1600 277 1648 ut
292 1588 370 1647 alma
384 1587 446 1648 dies
462 1579 617 1648 hebetirat
631 1587 738 1663 sidera,
752 1601 853 1650 natam

100 1680 178 1744 Solis
193 1682 231 1743 ad
246 1703 397 1757 occasum,
412 1682 480 1744 solis
495 1682 644 1765 quaerebat
658 1683 695 1745 ab
710 1696 787 1745 ortu.

100 1776 195 1840 Fessa
209 1779 309 1840 labore
323 1779 402 1840 sitim
416 1779 593 1860 collegerat3
616 1800 725 1863 oraque
740 1780 813 1842 nulli
859 1789 861 1794 ’
879 1849 882 1853 ,

100 1871 277 1936 Colluerant
290 1874 402 1936 fontes:
425 1875 495 1937 clun
509 1888 619 1937 tectam
635 1877 772 1938 stramine
788 1875 861 1937 vidit

99 1968 194 2032 Forte
209 1991 307 2032 casam
317 1992 326 2047 ;
348 1992 514 2054 parvasque
530 1971 606 2032 fores
621 1972 765 2053 pulsavit:
789 1970 902 2032 atinde
929 2051 933 2058 Ι
1017 1972 1083 2035 285·

99 2065 206 2129 Prodit
220 2088 310 2143 anus3
332 2068 491 2149 divamque
507 2068 607 2144 videt;
628 2068 845 2150 lymphamque
859 2067 984 2149 roganti,

99 2160 202 2225 Dulce
217 2163 401 2239 dedit-tosti
415 2165 494 2248 quod
508 2178 631 2227 coxerat
646 2165 715 2227 ante
730 2164 877 2247 polenta·

99 2257 185 2320 Dum
199 2259 272 2321 bibit
287 2259 336 2321 illa
350 2260 463 2336 datum,
479 2262 543 2323 duri
558 2262 703 2343 pueroris
719 2275 749 2326 et
764 2262 863 2323 audax

99 2353 242 2418 Constitit
257 2369 324 2418 ante
339 2356 446 2417 deam:
470 2356 600 2438 risitque,
616 2359 792 2439 avidamque
808 2358 935 2418 vocavit.

98 2450 225 2514 Offensa
240 2465 301 2513 est:
326 2471 423 2532 neque
439 2450 536 2511 adhuc
551 2452 641 2532 epota
656 2465 739 2534 parte
753 2453 924 2534 loquentem
1016 2455 1080 2516 290

99 2547 182 2609 Cum
197 2548 308 2629 liquido
322 2544 411 2609 mista
425 2544 553 2629 perfudit
567 2546 636 2608 diva
651 2545 784 2630 polentb.

98 2642 253 2706 Combibit
267 2664 300 2704 os
315 2644 463 2718 maculas3
486 2656 526 2719 et,
543 2643 603 2726 qui
616 2643 707 2705 modb
720 2643 841 2706 brachia
855 2643 955 2725 gessit,

98 2738 197 2802 Crura
211 2740 302 2820 gerit:
325 2739 421 2801 cauda
434 2752 479 2801 est
493 2740 612 2802 mutatis
626 2741 726 2804 addita
739 2740 895 2802 membris:

97 2834 195 2918 Inque
209 2837 332 2897 brevem
347 2835 481 2911 formam,
496 2857 534 2897 ne
549 2837 586 2897 sit
600 2837 644 2898 vis
659 2856 766 2915 magna
780 2835 919 2911 nocendi,

97 2931 309 2995 Contrahitur:
334 2932 485 3014 parvique
499 2932 595 2992 minor
608 2951 745 2992 mensura
760 2929 871 2991 lacerti
886 2943 941 2991 est.
1015 2932 1078 2995 295

55 3077 58 3085 .
97 3028 271 3105 Mirantem,
286 3029 479 3108 flentemque,
494 3040 525 3087 et
539 3040 660 3108 tangere
674 3040 804 3088 monstra
818 3040 971 3110 parantem

97 3123 191 3206 Fugit
205 3146 315 3202 anum,
338 3123 539 3206 latebramque
555 3124 645 3206 petit:
669 3137 831 3208 aptumque
845 3125 936 3190 colori

98 3220 220 3284 Nomen
235 3223 335 3300 habet,
350 3223 435 3284 variis
449 3221 581 3284 stellatus
595 3241 720 3304 corpora
734 3223 835 3303 guttis.

142 3317 229 3392 Quas
245 3319 302 3380 dea
316 3341 370 3402 per
383 3331 484 3396 terras,
499 3332 531 3382 et
546 3339 619 3400 quas
633 3319 773 3381 erraverit
786 3318 890 3393 undas,

98 3413 211 3478 Dicere
225 3416 313 3498 longa
326 3436 409 3478 mora
423 3428 478 3477 est.
523 3413 679 3488 Quaerenti
693 3412 884 3477 deliritorbis.
1013 3415 1078 3481 300

98 3510 248 3575 Sicaniam
262 3513 380 3597 repetit.
424 3511 568 3596 Dumque
581 3513 680 3576 omnia
693 3513 797 3575 lustrat
810 3504 926 3590 eund03
