2348 4102
497 353 605 406 utana
621 353 668 406 x1.

475 578 618 687 menn
635 623 694 686 ru.

429 805 442 823 '⁴
531 835 640 877 mnae.

536 1015 566 1056 v.
583 997 634 1056 89.

97 1171 190 1235 Hunc
205 1172 326 1235 adsueta
340 1175 445 1237 cohors
460 1173 569 1256 Satyri,
584 1172 772 1258 Bacchaeque
787 1174 988 1260 frequentant:

97 1268 141 1330 At
156 1268 273 1331 Silenus
289 1271 381 1332 abest.
425 1270 618 1333 Titubantem
634 1273 775 1354 annisque
789 1295 930 1356 meroque

97 1363 246 1426 Rurioolae
260 1367 369 1447 cepere
384 1365 538 1452 Phryges:
563 1369 752 1451 vinctumque
767 1371 881 1432 coronis

97 1459 149 1521 Ad
162 1481 265 1541 regern
280 1462 397 1522 traxere
412 1461 533 1522 Midan:
556 1463 604 1523 oui
618 1463 765 1525 Thracius
781 1463 921 1546 Orpheus

53 1602 55 1604 -
97 1553 193 1636 Orgia
204 1557 371 1632 tradiderat,
386 1577 455 1618 oum
471 1555 620 1637 Cecropio
635 1557 795 1639 Eumolpo.
1052 1563 1073 1624 5
1155 1614 1168 1624 .

97 1649 162 1723 Qui
176 1652 264 1713 simul
280 1652 398 1731 agnovit
413 1652 525 1713 socium
540 1652 737 1734 comitemque
752 1672 909 1729 sacrorum,
949 1680 951 1683 ·

97 1745 233 1829 Hospitis
249 1747 379 1809 adventu
393 1746 501 1810 festum
514 1747 666 1829 genialiter
680 1748 740 1830 egit
861 1811 866 1818 ,

97 1839 159 1904 Per
172 1842 216 1904 bis
233 1843 361 1925 quinque
378 1839 450 1920 dies,
466 1858 497 1906 et
507 1844 625 1929 junctas
640 1846 869 1909 ordinenoctes.

140 1938 182 2000 Et
192 1939 256 2023 jam
270 1940 418 2001 stellarum
434 1941 558 2002 sublime
573 1945 711 2022 coegerat
725 1962 832 2022 agmen

97 2033 219 2117 Lucifer
232 2036 416 2123 undecimum
430 2035 534 2118 Lydos
549 2037 619 2113 otim
632 2038 714 2099 laetus
728 2038 758 2099 in
774 2059 860 2119 agros
1034 2043 1073 2106 lo

97 2129 171 2192 Rex
186 2119 285 2206 venit3
307 2145 336 2194 et
347 2131 451 2220 juveni
466 2132 606 2203 Silenum⁴
614 2134 716 2196 reddit
729 2136 857 2197 alumno.
919 2188 922 2192 .
1017 2176 1025 2180 <

97 2226 179 2289 Huic
194 2228 267 2288 deus
282 2229 402 2309 optandi
417 2243 541 2310 gratum,
557 2221 609 2291 eed
624 2231 737 2308 inutile,
753 2231 823 2295 fecit

97 2320 232 2384 Muneris
247 2324 405 2401 arbitrium,
420 2326 551 2406 gaudens
567 2327 657 2388 altore
672 2341 803 2410 recepto.

97 2416 151 2480 Ille
166 2419 244 2481 male
259 2424 364 2480 usurub
378 2419 472 2496 donis,
484 2421 534 2495 ait,
550 2428 558 2457 ‘
570 2420 676 2495 Effice,
692 2423 833 2502 quidquid

96 2513 232 2597 Corpore
247 2515 408 2595 contigero,
423 2512 537 2576 fulvum
553 2529 681 2603 vertatur
695 2516 725 2576 in
740 2516 865 2577 aurum!
1033 2522 1072 2582 1⁵

97 2611 217 2690 Adnuit
226 2612 350 2694 optatis:
373 2612 566 2694 nocituraque
580 2632 703 2674 munera
717 2610 802 2674 solvit
852 2634 855 2642 ’

96 2705 206 2783 Libcr3
228 2721 258 2768 et
272 2706 405 2783 indoluit,
422 2706 501 2790 quod
516 2729 574 2770 non
589 2708 709 2770 meliora
724 2708 856 2792 petisset.

138 2802 240 2864 Latus
255 2803 332 2879 abit3
355 2804 523 2886 gaudetque
538 2805 616 2866 malo
631 2797 852 2886 Berecynthius
867 2806 971 2868 heros:

96 2897 324 2981 Pollicitamqna
340 2899 428 2962 fidem
443 2901 591 2980 tangendo
607 2899 720 2979 singula
733 2913 836 2978 tentat.

98 2993 219 3078 Vixque
235 2996 286 3057 sibi
302 2995 435 3071 credens,
451 3017 510 3057 non
525 2994 585 3055 atta
599 2995 700 3055 fronde
717 2996 859 3056 virentem
910 3062 912 3068 ,
1030 2998 1073 3060 20
1159 3051 1161 3057 .

96 3089 168 3153 Ilice
184 3077 312 3153 detraxit
326 3091 455 3171 virgam:
479 3091 561 3172 virga
576 3111 663 3152 aurea
680 3089 756 3153 facta
770 3104 824 3154 est.

95 3185 189 3249 Tollit
204 3176 295 3250 humo
310 3209 432 3249 saxum:
455 3208 560 3250 saxum
575 3208 694 3271 quoque
709 3188 812 3270 palluit
826 3210 907 3253 auro.

96 3283 232 3364 Contigit
248 3298 278 3346 et
291 3286 425 3366 glebam:
448 3272 586 3348 contactu
600 3287 688 3367 gleba
702 3274 815 3368 potenti

97 3379 200 3442 Massa
213 3381 255 3442 fit.
300 3382 433 3464 Arentes¹
445 3380 564 3444 Cereris
576 3374 727 3468 {decerpsit
742 3382 861 3443 aristas:

98 3477 200 3551 Aurea
213 3479 316 3540 messis
331 3493 403 3541 erat.
448 3477 615 3560 Demptum
630 3491 712 3541 tenet
726 3477 828 3538 arbore
844 3495 982 3557 pomum:
1027 3477 1072 3544 25

311 3575 359 3637 9*
