2348 4102
504 374 613 426 nana
628 373 674 427 IV.

96 513 172 579 Heu
186 515 251 579 soli
265 531 392 600 poteras,
406 498 516 600 poteris
530 543 587 584 nec
599 534 693 584 morte
709 523 820 584 revelli.

96 610 170 673 Hoc
185 625 285 674 tumen
301 615 450 677 amborum
466 617 561 678 verbis
573 631 668 678 estote
683 619 786 698 rogati,

97 705 128 766 Ο
144 706 272 767 multum
286 709 394 784 miseri,
408 731 492 771 meus
510 711 654 792 illiusque,
670 726 817 793 parentes,

98 798 154 874 Ut,
171 821 244 882 quos
258 814 354 862 certus
370 824 461 879 amor,
477 825 550 886 quos
564 806 637 866 hora
650 807 807 868 novissima
816 806 925 891 junxit,

99 890 252 974 Componi
265 897 379 976 tumulo
393 919 453 958 non
468 898 622 959 invideatis
637 900 754 961 eodem.

99 988 144 1048 At
157 1000 201 1064 tu,
218 1009 281 1070 que
296 991 383 1052 ramis
398 992 483 1053 arbor
495 993 661 1054 miserabile
675 1014 783 1076 eorpus
841 1029 849 1043 =

99 1081 190 1143 Nunc
205 1082 280 1162 tegis
294 1085 389 1161 unius,
404 1106 476 1148 mox
489 1109 522 1148 es
537 1101 651 1149 tectura
665 1089 808 1165 duorum;

99 1174 191 1256 Signa
205 1189 274 1237 tene
289 1179 392 1241 caedis:
416 1181 581 1262 pullosque,
596 1195 627 1243 et
640 1183 766 1245 luctibus
781 1196 866 1266 aptos

100 1269 228 1352 Semper
242 1272 318 1333 habe
333 1273 431 1350 foetus,
447 1276 557 1355 gemini
571 1291 764 1340 monumenta
776 1279 909 1341 cruoris!

100 1363 204 1427 Dixit:
228 1378 258 1426 et
273 1378 373 1446 aptato
387 1383 491 1450 pectus
505 1391 646 1432 mucrone
661 1373 716 1433 sub
730 1373 823 1435 imum
934 1436 936 1441 .

100 1456 238 1520 Incubuit
252 1459 347 1537 serr03
371 1463 450 1543 quod
464 1464 562 1525 adhue
576 1486 594 1525 a
607 1465 687 1526 cade
702 1468 833 1547 tepebat.

144 1551 224 1616 Vota
239 1567 341 1617 tamen
353 1556 478 1635 tetigere
494 1556 576 1631 deos,
590 1557 714 1636 tetigere
728 1575 880 1638 parentes:

100 1646 180 1721 Nam
193 1649 276 1710 oolor
289 1649 320 1710 in
334 1667 425 1730 pomo
439 1662 495 1726 est,
509 1649 560 1710 ubi
575 1646 778 1731 permaturuit,
793 1666 872 1715 ater:

101 1741 253 1825 Quodque
268 1743 346 1824 rogis
360 1756 504 1824 superest,
518 1739 580 1806 u‘nb
592 1745 749 1826 requiescit
764 1747 793 1808 in
808 1747 892 1810 urna.

264 1988 321 2030 rno
342 1988 385 2031 nn
406 1970 593 2031 nnnionnra
614 1989 651 2030 rra
671 1988 755 2035 nnus
776 1989 909 2031 narrar.

415 2192 418 2198 .
526 2167 558 2208 v.
573 2148 647 2208 416.
687 2159 689 2164 ’

100 2309 183 2371 Tum
197 2309 269 2370 verb
283 2310 351 2372 totis
365 2310 480 2373 Bacchi
493 2312 682 2374 memorabile
696 2312 810 2376 Thebis
830 2335 837 2356 ³

102 2403 223 2466 Numen
237 2416 319 2480 erat;
340 2425 519 2486 magnasque
532 2407 603 2466 novi
616 2419 772 2468 matertera
785 2408 862 2469 vires

102 2498 208 2561 Narrat
222 2499 333 2581 ubique
349 2498 413 2559 dei:
437 2498 474 2559 de
489 2511 591 2581 totque
606 2498 752 2559 sororibus
764 2520 873 2580 expers

101 2592 171 2655 Una
185 2593 292 2655 doloris
308 2605 380 2669 erat,
395 2593 448 2654 nisi
464 2613 553 2676 quem
568 2592 666 2654 fecere
681 2613 804 2655 sorores.
905 2607 907 2610 ’

144 2688 282 2769 Adspicit
298 2688 375 2750 hane
389 2689 473 2763 natis,
488 2689 676 2770 thalamoque
690 2688 878 2752 Athamantis
893 2689 1052 2754 habentem
1087 2713 1089 2719 ·

102 2783 250 2845 Sublimes
264 2784 385 2858 animm,
401 2797 430 2844 et
445 2774 564 2844 alumno
578 2784 710 2858 numine,
725 2783 824 2859 Juno;
1013 2789 1070 2846 101

102 2878 168 2940 Neo
183 2879 266 2940 tulit:
290 2892 320 2940 et
334 2900 446 2953 secum,
461 2877 581 2939 ‘Potuit
596 2879 634 2938 de
648 2878 754 2957 pellice
769 2889 854 2937 natus

103 2972 229 3035 Vertere
244 2973 397 3048 Maonios,
412 2973 576 3053 pelagoque
591 2973 776 3049 immergere,
791 2981 905 3046 nautas,

103 3068 143 3130 Et
158 3068 313 3130 laceranda
328 3088 388 3129 suae
403 3065 463 3126 nati
478 3065 547 3127 dare
563 3066 675 3126 viscera
688 3064 783 3141 matri,

104 3163 143 3225 Et
157 3163 288 3245 triplices
303 3163 416 3244 operire
431 3161 514 3223 novis
528 3158 699 3242 Minyeidas
715 3161 783 3223 alis:
1015 3165 1075 3224 105

104 3257 153 3321 Nil
168 3259 277 3341 poterit
291 3257 381 3340 luno,
396 3258 450 3320 nisi
464 3258 571 3320 inultos
586 3257 657 3318 flere
673 3257 808 3319 dolores?
860 3293 863 3298 Δ

69 3400 72 3407 .
104 3352 197 3436 ldque
214 3354 284 3415 mihi
300 3354 369 3416 satis
383 3355 448 3415 est?
470 3353 533 3414 haee
547 3373 607 3413 una
621 3351 752 3433 potentia
766 3365 864 3413 nostra
883 3352 947 3410 est?

106 3446 173 3531 lpse
189 3450 277 3512 docet
293 3449 362 3532 quid
378 3469 481 3530 agam3
506 3445 563 3530 (sas
579 3459 623 3507 est
637 3439 668 3509 et
681 3447 718 3508 ab
734 3447 817 3507 hoste
833 3440 946 3525 dooeri)
