2348 4102
504 384 612 438 LIBER
634 387 680 439 xt.
1011 384 1073 448 lffl
1144 339 1149 346 ι

98 529 183 595 Huic
197 551 267 594 curn
282 530 449 614 pignoribus
465 534 581 611 domus,
596 550 627 598 et
641 537 720 620 quod
734 538 842 621 cuique
857 537 991 599 relictum
1005 550 1061 600 est.

98 625 258 711 Halcyone
273 628 380 711 Ceyca
393 644 509 694 movet:
533 631 646 715 C‘c'ycis
661 634 753 695 inore
1012 636 1069 696 181

98 722 192 787 Nulla
206 725 260 787 nisi
275 724 432 807 Halcyone
448 740 509 789 est:
533 741 573 804 et,
588 729 656 789 edm
672 729 818 791 desideret
832 751 932 805 unam,

98 820 221 884 Gaudet
235 823 337 884 abesse
352 837 463 884 tamen.
507 823 613 885 Patria
630 845 746 907 quoque
762 825 851 886 vellet
866 827 902 886 ad
922 847 987 888 oras

97 915 274 999 Respicere,
289 919 378 1002 inque
394 919 515 981 domurn
529 940 682 1002 supremos
698 933 811 981 vertere
827 921 934 982 vultus

99 1011 215 1074 Veriun
230 1015 280 1076 ubi
294 1015 330 1076 sit
344 1017 448 1077 nescit.
492 1014 593 1077 Tanta
609 1016 750 1096 vertigine
767 1029 874 1097 pontus
1013 1015 1072 1078 185

97 1106 228 1171 Fervet:
251 1123 282 1172 et
295 1110 417 1172 inducti
431 1111 521 1193 piceis
536 1132 553 1172 e
568 1112 694 1173 nubibus
713 1110 818 1173 umbra

96 1203 200 1266 Omne
214 1206 285 1268 latet
298 1207 426 1269 coelum:
449 1207 655 1290 duplicataque
669 1207 763 1269 noctis
777 1207 874 1288 imago
888 1220 943 1268 est.

142 1299 300 1382 Frangitur
313 1303 429 1365 incursu
444 1303 568 1365 nimbosi
583 1289 704 1364 turbinis
720 1301 821 1364 arbos:

96 1392 256 1476 Frangitur
270 1409 300 1458 et
314 1399 458 1478 regimen:
482 1399 638 1481 spoliisque
648 1400 784 1487 panunosa
798 1411 966 1480 superstans

96 1489 199 1567 Unda,
216 1493 297 1555 velut
314 1493 428 1568 victrix,
442 1493 570 1553 sinuatae
584 1493 709 1574 despicit
723 1493 826 1554 undas.
1012 1494 1073 1556 190

96 1585 130 1648 N
131 1607 166 1648 ec
180 1587 286 1662 levius,
302 1589 390 1668 quarn
405 1588 429 1648 si
446 1588 509 1669 quis
524 1587 638 1662 Athon,
651 1586 833 1662 Pindumve,
846 1588 987 1649 revulsos

97 1682 178 1745 Sede
193 1683 258 1758 sud,
273 1696 349 1743 totos
364 1682 543 1764 inapertum
558 1683 693 1745 everterit
708 1703 816 1765 aequor,

96 1775 286 1860 Praecipitate
300 1778 374 1839 ruit:
397 1778 563 1865 pariterque
579 1792 609 1840 et
623 1779 755 1862 pondere
769 1779 874 1841 etictu

96 1872 210 1955 Mergit
224 1874 253 1935 in
268 1875 327 1936 ima
340 1887 449 1936 ratem:
472 1897 542 1936 cum
555 1874 619 1957 quai
628 1873 694 1958 pars
709 1895 816 1955 magna
831 1875 959 1937 virorum

96 1969 224 2051 Gurgite
239 1991 339 2053 pressa
353 1971 445 2052 gravi,
456 1991 553 2052 neque
568 1971 597 2031 in
613 1974 682 2032 adra
695 1970 821 2046 reddita,
836 1968 897 2030 fato
1013 1971 1073 2032 195

96 2064 218 2128 Funeta
231 2088 284 2128 suo
299 2080 353 2128 est.
398 2067 460 2128 Alii
474 2080 572 2149 partes
587 2080 617 2127 et
632 2068 765 2128 membra
778 2066 883 2127 carine

95 2161 221 2224 'l'nrnca
234 2175 345 2224 tenent.
390 2162 490 2225 Tenet
504 2163 568 2245 ipse
582 2184 682 2238 manu,
691 2161 757 2245 qud
771 2174 888 2245 sceptra
902 2161 1025 2240 solebat,

97 2255 259 2339 Fragmina
273 2259 379 2338 navigii
393 2257 496 2340 Cdyx,
511 2280 704 2341 socerumque
720 2273 893 2342 patremque

97 2353 222 2416 Invocat
239 2352 313 2438 (heu
324 2353 347 2438 l)
364 2352 477 2414 frustra.
522 2353 583 2414 Sed
598 2354 723 2434 plurima
737 2354 832 2415 nantis
846 2355 876 2414 in
894 2375 945 2422 ore

99 2449 257 2533 Halcyone
271 2448 392 2531 conjux.
436 2447 522 2509 Elam
536 2448 727 2529 meminitque
742 2448 907 2530 refertque:
964 2446 967 2450 ⁴
1010 2449 1075 2510 200

98 2544 181 2607 Illius
196 2557 263 2606 ante
279 2544 380 2605 oculos
394 2554 428 2604 ut
442 2555 530 2624 agant
544 2563 597 2603 sua
610 2563 734 2624 corpora
748 2543 866 2621 fluctus,

98 2640 213 2722 Optat3
235 2654 266 2701 et
281 2639 423 2701 exanimis
438 2639 571 2700 manibus
586 2638 747 2700 tumuletur
761 2639 872 2701 amicis.

99 2736 183 2799 Dum
199 2749 297 2812 natat3
318 2737 482 2812 absentem,
497 2736 610 2818 quoties
624 2735 692 2797 sinit
707 2736 820 2798 hiscere
835 2736 953 2812 fluctus,

99 2833 243 2895 Nominat
257 2831 444 2914 Halcyonen,
459 2833 588 2914 ipsisque
603 2833 804 2893 immurmurat
818 2831 913 2894 undis.

100 2929 184 2992 Fece
199 2949 288 3010 super
302 2921 414 2989 medios
429 2927 535 2988 fluetus
549 2928 633 3006 niger
647 2946 731 2986 arcus
742 2946 883 3008 aquarum
1011 2929 1074 2990 205
1119 2984 1127 2997 ,

99 3029 274 3109 Frangitur:
299 3040 329 3088 et
343 3025 431 3107 ruptis
444 3045 572 3086 mersum
586 3037 677 3106 caput
691 3023 785 3086 obruit
800 3023 889 3086 unda.

100 3123 223 3188 Lucifer
236 3124 388 3199 obscurus,
403 3143 459 3183 uec
474 3142 562 3205 quem
577 3121 754 3202 cognoscere
770 3144 882 3205 posses,

101 3221 157 3284 Illa
171 3234 259 3289 nocte
274 3219 344 3282 fuit:
368 3220 565 3302 quoniamque
580 3219 727 3281 excedere
742 3218 877 3303 Olympo

102 3316 173 3379 Non
187 3317 280 3393 licuit,
295 3316 392 3378 densis
407 3316 482 3377 texit
497 3337 550 3376 sua
563 3316 687 3377 nubibus
702 3337 762 3376 ore.

145 3413 242 3474 AEolis
256 3414 368 3474 interea
381 3425 527 3474 tantorum
542 3411 641 3490 ignara
657 3409 800 3473 malorum
1012 3412 1076 3477 210

103 3509 283 3572 Dinumeret
296 3523 415 3572 noctes:
440 3521 470 3569 et
480 3506 553 3590 jam,
569 3526 640 3590 quas
655 3507 756 3569 induat
770 3506 819 3567 ille
