2348 4102
133 363 177 428 ὥ
448 350 799 426 unranoaenosnou

133 518 292 602 Tantaque
306 520 476 602 simplicitas
491 523 651 603 puerilibus
666 523 748 585 affirit
763 523 856 600 annis,

133 613 209 678 Hoec
224 636 342 698 quoque
358 617 521 698 virgineum
535 620 629 680 movit
640 619 755 702 jactura
769 620 912 682 dolorem.

176 710 294 794 Raptor
308 713 367 793 agit
381 734 494 789 currus,
510 728 540 776 et
555 716 676 776 nomine
691 737 840 798 quemque
856 729 978 780 vocatos
1051 723 1112 782 240

133 803 318 878 Exhortatur
333 830 442 891 equos:
467 831 592 892 quornm
607 832 660 893 per
674 812 751 874 colla
762 812 910 896 jubasque

132 898 258 972 Excutit
271 905 397 967 obscura
410 907 514 968 tinctas
529 906 674 988 ferrugine
691 909 831 970 habenas.
956 990 959 995 Δ

130 996 252 1082 Perque
267 1001 348 1063 lacus
363 1003 447 1078 altos,
463 1015 493 1063 et
508 1003 617 1064 olentia
630 1003 739 1064 sulfure
754 1003 847 1066 senar

130 1093 243 1177 Stagna
258 1097 440 1173 Palicorum,
455 1098 543 1180 rupta
558 1098 700 1160 ferventia
716 1100 811 1162 terra:

39 1236 46 1252 .
130 1189 172 1254 Et
188 1214 246 1274 qua
260 1192 448 1270 Bacchiadae,
466 1195 568 1256 bimari
583 1216 656 1274 gens
671 1210 735 1258 orta
749 1195 907 1259 Corintho.
1043 1201 1112 1261 245

129 1283 211 1348 lnter
225 1290 382 1371 inequales
397 1303 558 1371 posuerunt
573 1292 684 1352 moenia
698 1306 809 1373 portus.

173 1382 230 1444 Est
245 1385 375 1446 medium
389 1385 523 1467 Cyanes,
539 1399 568 1448 et
583 1386 686 1448 Pisaeae
702 1388 872 1465 Arethusa,

123 1472 225 1552 ‘Quod
239 1481 300 1542 coit
315 1482 444 1562 angustis
458 1482 605 1544 inclusum
619 1485 758 1545 comibus
771 1506 880 1567 aequor.

129 1572 191 1639 Hic
207 1577 270 1653 suit,
285 1598 303 1638 a
316 1577 401 1661 cujus
416 1593 553 1660 stagnum
568 1601 686 1663 quoque
701 1581 820 1643 nomine
835 1581 947 1642 dictum
963 1596 1020 1660 est,
1123 1616 1125 1618 ·

128 1670 211 1735 Inter
225 1674 368 1737 Sicelidas
382 1675 490 1758 Cyane
506 1677 697 1738 celeberrima
712 1678 877 1759 nymphas3
1048 1682 1111 1744 250

33 1814 41 1821 -
128 1769 321 1854 Agnovitque
337 1773 444 1833 deum:
468 1779 477 1808 ‘
486 1771 554 1832 Nec
569 1773 684 1852 longiin
699 1772 796 1847 ibitis‚’
812 1773 923 1854 inquit:

130 1864 219 1927 ‘Non
234 1881 319 1949 potes
334 1854 431 1930 invita
446 1866 567 1930 Cereris
581 1888 673 1949 gener
691 1889 774 1930 esse:
796 1870 936 1950 roganda,

129 1959 199 2025 Non
214 1965 355 2046 rapienda
369 1964 433 2027 fuit.
479 1963 574 2038 Qudd
588 1965 613 2027 si
627 1985 806 2048 componere
823 1967 937 2048 magnis

128 2056 227 2122 Parva
241 2062 313 2123 mihi
328 2061 371 2123 fas
386 2075 449 2136 est3
472 2076 503 2123 et
517 2083 565 2123 me
582 2063 686 2123 dilexit
700 2063 826 2144 Anapis.

128 2152 263 2217 Exorata
277 2170 387 2232 tamen,
403 2178 470 2232 nec,
485 2171 519 2218 ut
533 2158 607 2233 haec,
622 2159 763 2218 exterrita
777 2160 885 2241 nupsi,'
1045 2164 1109 2226 255

128 2249 233 2313 Dixit:
258 2266 298 2328 et,
314 2253 342 2313 in
358 2266 455 2334 partes
471 2253 601 2314 diversas
615 2255 736 2314 brachia
749 2255 885 2332 tendens,

127 2346 261 2410 Obstitit.
306 2348 397 2411 Hand
412 2351 488 2411 ultra
502 2352 595 2413 tenuit
611 2351 763 2414 Satnmius
778 2354 869 2416 iram:

127 2442 347 2531 Tenibilesque
363 2448 494 2510 hortatus
510 2470 612 2532 equos,
628 2450 658 2511 in
673 2451 793 2531 gurgitis
808 2451 868 2513 ima

100 2569 104 2573 ·
127 2541 307 2607 Contortum
322 2546 420 2607 valido
434 2560 585 2627 sceptrum
599 2545 698 2626 regale
714 2542 824 2609 lacerto
920 2628 924 2634 Ι

127 2637 281 2702 Condidit.
325 2639 389 2699 Icta
403 2642 483 2701 viam
497 2643 585 2703 tellus
599 2643 629 2702 in
645 2641 769 2704 Tartara
783 2643 863 2720 fecit,
1044 2649 1109 2711 260

127 2733 169 2819 Et
184 2756 291 2816 pronos
305 2756 407 2797 currus
421 2736 520 2797 medio
535 2751 648 2797 cratere
662 2740 784 2819 recepit.

127 2832 170 2894 At
186 2831 305 2915 Cyane,
319 2846 492 2916 raptamque
509 2834 593 2894 deam
598 2880 605 2908 ,
621 2846 850 2917 contemptaque
865 2834 952 2898 fontis

126 2928 200 2991 Jura
215 2931 259 2992 sui
276 2951 415 3007 mucrene,
431 2930 640 2993 inconsolabile
656 2931 761 2992 vulnus

126 3025 233 3088 Mente
248 3028 322 3107 gerit
337 3027 437 3103 tacita,
452 3030 648 3111 lacrymisque
663 3029 825 3091 absumitur
837 3029 949 3090 omnis:

127 3121 179 3198 Et,
196 3144 318 3205 quarum
333 3122 427 3184 firerat
441 3145 582 3203 magnum
598 3125 688 3186 modb
702 3147 824 3200 numen,
841 3127 869 3186 in
885 3126 948 3188 illas
1042 3128 1110 3190 26⁵

127 3217 317 3282 Extenuatur
331 3239 432 3301 aquas.
477 3217 587 3280 Molliri
602 3220 736 3280 membra
750 3220 883 3283 videres:
1097 3232 1099 3236 “

126 3315 204 3379 Ossa
219 3317 278 3401 pati
295 3317 407 3379 flexus:
431 3336 544 3395 ungues
559 3315 691 3397 posuisse
703 3317 846 3398 rigorem:

125 3411 286 3499 Primaque
301 3415 338 3477 de
353 3412 418 3477 tota
431 3412 601 3475 tenuissima
617 3434 741 3496 quaeqne
756 3415 932 3497 liquescunt,

126 3507 255 3575 Caerulei
269 3513 375 3590 crines,
390 3511 542 3595 digitique,
556 3525 588 3598 et
601 3531 697 3589 crura,
712 3511 883 3596 pedesque:
