2348 4102
522 393 630 454 LIBER
645 394 666 443 Ι.

105 538 190 603 Cura
205 539 270 600 dei:
293 538 475 622 totidemque
490 541 583 622 plagae
598 540 702 602 tellure
716 553 898 622 premuntur.

106 635 245 708 Quarum
260 656 324 717 quae
338 635 505 712 mediaest,
520 657 579 697 non
594 651 638 698 est
652 636 817 702 habitabilis
832 649 919 698 aestu:

105 730 168 793 Nix
183 731 256 811 tegit
270 731 329 792 aba
340 730 433 792 duas:
456 731 579 794 totidem
594 731 669 792 inter
681 744 837 814 utrumque
851 732 977 807 locavit3
1034 734 1077 792 50

104 825 358 908 Temperiemque
373 826 465 902 dedit,
480 826 576 887 mixti
588 848 658 888 cum
672 826 777 908 ffigore
792 827 923 888 flamme.

105 921 243 983 Imminet
257 922 303 983 bis
317 925 384 983 ae'r:
409 923 469 1003 qui,
486 923 595 1003 quanto
609 935 654 982 est
668 924 800 1003 pondere
814 935 896 984 terra*

106 1017 228 1079 Pondus
244 1039 326 1099 aquae
341 1017 449 1093 leviuS,
460 1018 543 1079 tanto
557 1030 602 1077 est
615 1017 765 1078 onerosior
778 1017 848 1098 igni.

105 1111 168 1174 iilic
184 1127 215 1174 et
226 1113 360 1189 nebulae,
381 1113 439 1174 illic
454 1113 612 1175 consistere
626 1113 721 1173 nubes

104 1208 206 1285 Jussit,
223 1224 253 1270 et
268 1210 411 1271 humanas
425 1223 540 1271 motura
554 1209 680 1270 tonitrua
693 1222 819 1284 mentes,
1036 1209 1077 1268 55

105 1304 145 1367 Et
160 1327 231 1367 cum
246 1304 415 1367 fulminibus
429 1305 568 1367 facientes
585 1304 689 1387 frigora
706 1319 820 1367 ventos.

105 1399 160 1462 His
177 1422 296 1483 quoque
311 1423 371 1463 non
386 1402 496 1483 passim
510 1402 612 1462 mundi
627 1400 781 1463 fabricator
794 1400 963 1463 habendum

104 1496 185 1558 Ae'ra
200 1497 369 1579 permisit!
389 1497 452 1558 Vix
466 1518 545 1558 nunc
560 1497 707 1559 obsistitur
721 1497 786 1573 illis,

104 1590 185 1654 cum
200 1613 254 1654 sua
269 1593 393 1674 quisque
408 1607 510 1672 regant
525 1594 640 1654 diverso
655 1592 773 1653 flamina
787 1605 893 1667 tractu,

104 1685 188 1758 Quin
203 1688 316 1750 lanient
329 1687 490 1764 mundum;
513 1700 593 1750 tanta
608 1701 653 1749 est
668 1687 812 1750 discordia
826 1687 956 1749 ficuum.
1035 1688 1077 1748 60

104 1781 203 1844 Eurus
217 1784 256 1845 ad
269 1783 426 1860 Auroram,
442 1783 663 1867 Nabathaeaque
678 1806 770 1867 regna
783 1784 913 1861 recessit,
975 1826 979 1833 -

103 1876 297 1960 Persidaque,
313 1893 343 1939 et
358 1880 444 1938 radiis
456 1880 528 1956 juga
543 1881 659 1937 subdita
673 1880 833 1940 matutinis.

104 1971 234 2054 Vesper,
250 1985 280 2032 et
295 1970 420 2033 occiduo
437 1990 502 2051 quae
516 1970 613 2030 littora
627 1970 689 2031 soie
705 1984 873 2052 tepescunt,

103 2066 247 2129 Proxime
260 2079 328 2127 sunt
342 2065 505 2147 Zephyro:
529 2064 685 2147 Scythiam
700 2065 885 2150 Septemqua
899 2068 1025 2131 trionem

104 2161 239 2229 Hortiser
253 2153 357 2223 inuasit
371 2160 503 2238 Boreas3
525 2162 669 2225 contraria
683 2162 770 2224 tellus
1035 2167 1078 2227 65

104 2257 241 2320 Nubibus
256 2256 394 2333 adsiduis,
409 2258 569 2341 pluvioque
584 2258 727 2320 madescit
742 2258 780 2320 ab
794 2258 917 2322 Austro.

104 2352 180 2416 Hac
194 2374 284 2436 super
298 2353 438 2434 imposuit
451 2354 594 2435 liquidum
609 2366 640 2416 ct
654 2354 797 2435 gravitate
811 2368 961 2418 carentem

105 2449 240 2527 AEthera,
255 2469 313 2510 nco
329 2449 489 2530 quidquam
503 2461 626 2511 terrena
641 2449 718 2512 saecis
734 2451 985 2535 habentams·

149 2544 212 2608 Vix
227 2566 263 2607 ea
277 2544 416 2611 limitibus
431 2544 606 2626 dissepserat
620 2545 718 2605 omnia
732 2548 838 2624 certis;

105 2639 196 2718 Cirm,
213 2663 276 2725 quae
290 2662 392 2724 presse
407 2641 456 2703 diu
471 2640 568 2703 massi
581 2640 694 2703 latuere
709 2642 764 2703 sub
778 2641 839 2719 ills,
1035 2647 1078 2707 ’10

104 2736 210 2799 Sidera
223 2751 380 2819 coeperunt
394 2751 457 2801 toto
472 2737 666 2800 effervescere
681 2739 770 2800 coelo.

104 2831 136 2894 N
137 2853 175 2894 eu
189 2835 271 2914 regio
285 2832 360 2895 foret
374 2834 434 2895 ulla
447 2834 506 2895 suis
521 2834 716 2896 animantibus
730 2834 810 2910 orba,

104 2928 196 2991 Astra
210 2942 312 2992 tenent
326 2931 448 2992 coeleste
463 2930 569 3005 solum,
585 2929 743 3010 formaeque
759 2929 897 2990 deorum:

104 3023 269 3087 Cesserunt
283 3026 380 3087 nitidis
396 3025 558 3086 habitandae
574 3024 702 3106 piscibus
717 3024 820 3086 undae:

94 3112 199 3182 'Terra
214 3119 289 3182 feras
303 3122 400 3203 cepit:
424 3121 558 3182 volucres
573 3120 715 3200 agitabilis
730 3124 791 3181 a‘e‘r.
1036 3126 1079 3187 75

147 3215 283 3278 Sanctius
298 3217 343 3278 his
358 3216 475 3292 animal,
491 3217 657 3297 mentisque
672 3216 811 3297 capacius
826 3216 891 3279 alte

105 3311 219 3375 Deerat
234 3313 341 3388 adhuc,
356 3325 387 3375 et
402 3312 481 3394 quod
496 3312 637 3373 dominari
653 3312 682 3373 in
696 3325 802 3374 catera
816 3326 927 3394 posset.

105 3406 201 3470 Natus
217 3408 306 3469 homo
321 3423 383 3469 est:
405 3407 468 3468 sive
484 3406 563 3468 hunc
580 3408 679 3469 divino
694 3408 807 3470 semine
822 3407 893 3472 fecit

104 3502 159 3569 Ille
174 3503 278 3590 opifex
292 3524 400 3583 rerum,
415 3503 518 3567 mundi
531 3504 659 3567 melioris
673 3504 770 3586 origo:

1141 3110 1156 3143 b
