2348 4102
97 338 120 394 ὃ
414 334 763 390 METAMORPHOSEON

99 488 248 553 Struxerit
263 487 390 564 insidias,
407 503 493 551 notus
509 487 633 561 scritate,
649 486 774 567 Lycaon
784 484 806 545 i'

141 584 358 648 Confremuere
374 607 493 647 omnes:
517 585 677 666 studiisque
694 581 862 643 ardentibus
877 600 983 643 ausum
1052 637 1056 643 .

97 681 185 743 Talia
200 682 374 762 deposcunt.
420 682 480 757 Sic,
495 683 565 742 cum
580 700 684 741 manus
699 678 790 760 impia
804 678 886 739 saevit
1017 681 1085 742 200

97 777 247 859 Sanguine
264 778 403 840 Caesareo
419 778 589 839 Romanurn
605 776 780 856 extinguere
795 794 916 850 nomen,

99 876 267 938 Attonitum
282 889 369 938 tentae
384 877 481 938 subito
495 890 605 937 terrore
620 874 709 935 ruinae

97 970 272 1035 Humanum
288 994 380 1054 genus
397 987 458 1047 cst3
481 986 619 1053 totusque
635 970 799 1053 perhorruit
818 969 905 1030 orbis.

96 1067 164 1132 Nec
180 1070 231 1130 tibi
247 1082 329 1149 grata
340 1069 436 1129 minus
452 1068 556 1150 pietas,
572 1068 720 1146 Auguste,
736 1079 864 1140 tuorum,

97 1165 201 1239 Quam
216 1164 270 1226 fuit
286 1166 335 1226 illa
349 1163 430 1225 Jovi.
475 1163 540 1237 Qui
556 1177 713 1246 postquam
729 1183 803 1224 voce
820 1182 970 1244 manuque
1017 1165 1082 1224 205

96 1260 253 1324 Murmura
267 1261 459 1343 compressit3
483 1262 607 1322 tenuere
623 1259 737 1320 silentia
752 1259 862 1320 cuncti.

97 1356 234 1422 Substitit
248 1372 282 1420 ut
296 1359 417 1433 clamor,
433 1380 551 1440 pressus
566 1358 708 1439 gravitate
724 1356 869 1437 regentis;

96 1453 215 1538 Jupiter
229 1456 287 1517 hoc
302 1455 407 1517 iterum
422 1476 557 1516 sermone
572 1455 686 1516 silentia
700 1454 826 1535 rumpit:

97 1558 106 1588 ‘
115 1550 170 1613 llle
187 1552 308 1635 quidem
322 1572 428 1635 poenas
446 1550 562 1637 (curam
577 1553 654 1613 hanc
670 1548 822 1633 dimittite)
840 1549 927 1610 solvit
940 1570 948 1625 ;

98 1647 192 1721 Quod
207 1662 307 1711 tamen
323 1650 492 1723 admissum,
510 1671 573 1730 que
588 1650 625 1709 sit
640 1649 779 1723 vindicta,
795 1647 919 1709 docebo.
1015 1649 1082 1710 210

98 1743 273 1824 Contigerat
287 1757 398 1803 nostras
414 1743 532 1804 infamia
547 1744 687 1825 temporis
703 1764 805 1804 aures:

98 1840 202 1915 Quam
216 1840 340 1924 cupiens
355 1838 469 1916 falsam,
484 1862 600 1902 summo
616 1840 736 1901 delabor
749 1839 895 1923 Olympo,

98 1936 140 2001 Et
157 1939 230 2002 deus
244 1937 377 2001 humani
390 1940 482 2000 lustro
497 1938 552 1999 sub
567 1938 694 2018 imagine
711 1951 811 1999 terras.

97 2034 205 2117 Longa
218 2049 372 2110 moreest,
389 2049 531 2117 quantum
547 2056 632 2095 noxae
647 2035 683 2095 sit
698 2036 808 2115 ubique
823 2048 985 2115 repertum,

98 2130 301 2194 Enumerare:
325 2131 420 2191 minor
434 2130 487 2191 luit
502 2131 566 2212 ipsa
585 2129 703 2191 insamia
718 2151 798 2190 vero.
1014 2132 1080 2193 215

98 2226 228 2290 Manala
243 2226 425 2303 transieram,
439 2225 558 2288 latebris
574 2226 720 2287 horrenda
734 2227 871 2302 serarum,

99 2322 224 2388 Etcum
241 2324 372 2407 Cylleno
387 2323 476 2405 gelidi
491 2323 593 2406 pineta
608 2323 715 2406 Lycei.

82 2423 233 2511 ¹Arcados
248 2422 317 2485 hinc
333 2421 419 2484 sedes
434 2434 465 2483 et
479 2420 629 2503 inhospita
642 2434 722 2484 tecta
737 2422 853 2505 tyranni

98 2518 260 2601 Ingredior‚
271 2521 422 2581 traherent
435 2519 506 2580 ciim
520 2541 585 2580 sera
600 2519 776 2599 crepuscula
790 2529 919 2579 noctem.

98 2616 190 2697 Signa
204 2616 273 2676 dedi
285 2613 399 2676 venisse
416 2613 527 2688 deum;
551 2615 715 2696 vulgusque
731 2614 843 2696 precari
1016 2615 1082 2675 220

98 2710 255 2794 Coeperat.
299 2709 405 2771 Irridet
420 2708 516 2792 primb
532 2710 581 2792 pia
596 2723 665 2771 vota
684 2709 819 2792 Lycaon.

98 2806 177 2872 Mox
192 2808 241 2887 ait,
257 2814 277 2844 “
289 2806 448 2890 Experiar,
464 2806 538 2869 deus
553 2806 614 2882 hic,
630 2807 798 2869 discrimine
814 2821 928 2892 apertu,

98 2906 150 2969 An
165 2906 202 2968 sit
216 2905 363 2968 mortalis:
387 2926 444 2968 nec
458 2905 513 2967 erit
529 2904 689 2967 dubitabile
707 2906 843 2968 verum.''

99 3003 199 3066 Nocte
208 3024 334 3085 gravem
345 3024 449 3064 somno
464 3025 521 3065 nec
536 3002 627 3085 opimi
642 3004 766 3086 perdere
781 3018 876 3068 morte

98 3098 154 3163 Me
170 3113 263 3183 parat.
309 3097 383 3161 Haec
399 3098 440 3160 illi
455 3098 554 3182 placet
570 3101 757 3180 experientia
772 3103 843 3163 ven'.
1016 3104 1080 3165 225

100 3196 168 3261 Nec
182 3211 339 3260 contentus
354 3217 402 3273 eo,
417 3196 498 3258 missi
514 3195 551 3256 de
567 3208 656 3276 gente
672 3193 807 3257 Molossis

99 3295 220 3359 Obsidis
234 3294 322 3357 unius
332 3293 471 3379 jugulum
485 3312 626 3354 mucrone
641 3290 777 3353 resolvit:

101 3392 202 3476 Atque
217 3393 259 3455 ita
272 3392 437 3455 semineces
452 3387 559 3474 partim
574 3386 753 3451 ferventibus
769 3402 847 3453 artus

99 3489 201 3553 Mollit
215 3491 308 3574 equis,
324 3488 431 3573 partim
445 3487 580 3573 subjecto
594 3487 696 3551 torruit
711 3487 782 3570 igni.
