2348 4102
139 470 183 537 Hi
197 472 322 536 redeunt
335 471 423 534 udis
415 495 445 534 1n
459 492 512 534 sua
526 484 604 535 tecta
619 473 712 554 genis.

96 568 252 634 Sustinet
245 570 395 652 impositos
410 568 527 631 summa
540 588 632 631 cavus
647 569 748 630 alveus
762 565 852 629 undb.

141 666 213 728 Heu
229 680 370 749 quantum
385 665 436 727 fati
451 686 542 747 parva
556 648 664 728 tabella
679 664 780 727 veh1t¹
1031 661 1076 728 60

98 761 236 824 Alveus'
229 784 258 824 1n
271 763 344 824 limo
358 762 438 823 silvis
452 762 594 844 appulsus
608 761 719 843 opacis,

141 858 289 925 Paulatim
304 859 396 920 fluvio
412 857 579 932 deficiente,
594 857 689 918 sedet.

100 951 192 1016 Venit
206 955 244 1016 ad
258 954 409 1036 expositos
427 951 563 1039 (mirum)
580 953 650 1035 lupa
664 951 736 1014 soeta
750 951 903 1033 gemellos.

141 1049 219 1122 Quis
234 1050 334 1112 credat
349 1051 446 1132 pueris
461 1071 520 1111 non
536 1049 670 1111 nocuisse
685 1047 798 1110 seram?

98 1144 170 1208 Non
183 1146 318 1209 nocuisse
334 1167 438 1229 parum
452 1158 517 1209 est:
541 1147 661 1229 prodest
676 1165 812 1230 quoque:
836 1164 911 1228 quos
926 1144 1000 1228 lupa

227 1242 326 1318 nutrit,
1032 1235 1074 1304 65

141 1336 273 1399 Prodere
287 1351 422 1419 cognate
436 1336 601 1400 sustinuere
615 1332 730 1400 manus.

96 1424 253 1509 Constitit,
265 1446 297 1494 et
310 1433 406 1494 caudi
419 1434 527 1493 teneris
542 1434 689 1494 blanditur
703 1435 838 1509 alumnis,

137 1526 182 1591 Et
196 1530 278 1609 fingit
292 1527 394 1609 lingui
406 1547 529 1608 corpora
542 1527 612 1589 bina
625 1527 690 1588 suia,

96 1625 197 1688 Marte
212 1637 291 1685 satos
306 1624 413 1698 scires;
435 1623 522 1684 timor
535 1621 644 1684 abfuit:
667 1623 759 1684 ubera
773 1624 903 1700 ducunt;

138 1721 170 1782 N
172 1741 208 1782 ec
223 1719 276 1780 sibi
291 1719 425 1802 promissi
440 1718 523 1780 lactis
538 1719 655 1780 aluntur
668 1739 738 1802 ope.

96 1815 208 1879 Martia
222 1829 268 1877 ter
281 1816 481 1897 senos'proles
495 1815 664 1878 adoleverat
679 1835 788 1892 annos3

139 1911 181 1974 Et
196 1911 313 1973 suberat
328 1910 411 1972 flava
422 1911 485 1996 jam
500 1932 578 1972 nova
591 1912 682 1974 barba
694 1930 798 1974 comae.

96 2005 245 2070 Omnibus
261 2006 394 2088 agricolis
409 2020 666 2089 armentommque
680 2008 824 2089 magistris

139 2104 239 2166 Iliadae
254 2102 356 2165 fratres
365 2103 433 2188 jura
447 2089 540 2185 petita
555 2104 673 2165 dabant.

55 2283 59 2289 Ι
96 2199 185 2285 Saepe
200 2199 320 2261 domum
336 2200 457 2261 veniunt
472 2201 642 2282 praedonum
656 2202 798 2283 sanguine
812 2202 889 2281 leti3

139 2294 182 2357 Et
195 2295 331 2383 redigunt
346 2309 426 2356 actos
441 2296 472 2356 in
485 2317 538 2356 sua
552 2318 619 2357 mra
631 2297 734 2359 boves

95 2391 141 2454 Ut
140 2412 248 2483 genus
264 2391 427 2466 andierunt,
444 2391 556 2451 animos
571 2404 656 2473 pater
670 2392 765 2454 editus
780 2406 888 2474 auget3

108 2470 177 2551 llt
191 2484 309 2571 pudet
301 2509 330 2548 m
346 2485 448 2568 paucis
462 2507 570 2547 nomen
586 2487 694 2548 habere
709 2488 794 2548 casis.
872 2500 873 2504 ’

97 2584 307 2667 Romuleoque
321 2583 400 2645 cadit
416 2581 553 2666 trajectus
569 2580 705 2643 Amulius
721 2603 808 2660 ense;

140 2681 308 2763 Regnaque
323 2679 456 2760 longaevo
470 2679 661 2741 restituuntur
674 2700 741 2764 avo.

95 2777 166 2840 Jam
180 2778 275 2839 luerat
288 2797 392 2859 poenas
407 2775 495 2837 frater
509 2775 681 2852 Numitoris,
697 2790 728 2838 et
741 2798 829 2839 omne

139 2874 296 2935 Pastomm
312 2873 430 2953 gemino
444 2873 498 2933 sub
514 2873 590 2932 duce
605 2873 709 2952 vulgus
724 2885 796 2933 erat.
886 2934 888 2938 ,

97 2966 283 3034 Contrahere
299 2980 439 3049 agrestes,
455 2980 485 3028 et
498 2967 608 3028 moenia
623 2987 733 3049 ponere
748 2968 864 3050 utrique

139 3066 300 3129 Convenit.
346 3063 514 3144 Ambigitur
528 3064 641 3125 moenia
652 3077 742 3147 ponat
755 3077 831 3126 uter.

97 3162 168 3225 ‘Nil
183 3180 259 3245 opus
274 3162 344 3238 est}
356 3161 440 3238 dixit,
456 3161 655 3238 ‘certamina’
672 3160 830 3239 Romulus,
845 3163 937 3225 ‘ullo
974 3200 975 3203 =
1064 3156 1067 3161 ’

139 3259 252 3341 Magna
265 3260 338 3321 fides
353 3259 451 3320 avium
467 3272 528 3320 est:
552 3259 741 3341 experiamur
755 3260 847 3322 aves)

97 3357 162 3419 Res
178 3357 286 3439 placet.
330 3355 438 3417 Alter
431 3355 483 3417 mit
498 3356 641 3417 nemorosi
656 3377 728 3417 saxa
742 3355 857 3418 Palati.

140 3454 228 3517 Alter
242 3453 426 3515 Aventinum
441 3472 528 3513 mane
542 3471 685 3513 cacumen
701 3438 770 3513 adit.

400 3548 468 3610 15*
