2348 4102
496 349 604 407 LIBER
625 353 659 404 11.
1020 352 1063 413 29

85 494 306 579 Vngineusque
321 496 459 583 Helicon,
475 515 505 561 et
520 502 650 563 nondum
665 502 805 583 (Eagn'us
821 503 951 567 Haemos.
971 489 975 499 ¹

84 592 184 654 Ardet
198 593 228 654 in
243 593 417 656 immensum
432 597 586 675 geminatis
602 599 716 677 ignibus
731 600 834 675 AEtne,

84 687 309 771 Parnassusque
323 690 435 771 biceps,
451 704 481 751 et
496 691 593 772 Eryx,
609 707 639 754 et
655 693 805 774 Cynthus,
820 710 851 756 et
866 695 989 778 Othrys,

86 783 129 846 Et
143 785 264 846 tandem
279 783 429 866 Rhodope
445 787 560 846 nivibus
575 788 709 863 caritura,
723 788 902 872 Mimasque,
999 796 1056 855 221

85 880 310 962 Dindymaque,
326 894 356 941 et
371 879 503 961 Mycale,
518 896 662 963 natusque
678 885 715 943 ad
730 905 811 945 sacra
826 885 985 949 Cithaeron.

86 975 154 1037 Nec
168 990 290 1058 prosunt
305 975 436 1056 Scythiae
451 998 503 1037 sua
517 976 638 1056 frigora:
662 978 814 1040 Caucasus
830 981 923 1055 ardet,

85 1071 223 1154 Ossaque
237 1093 306 1133 curn
322 1072 429 1148 Pindo,
445 1072 595 1154 majorque
611 1074 751 1135 ambobus
766 1074 931 1157 Olympus:

85 1167 245 1248 Aiiriaeque
261 1167 366 1249 Alpes,
382 1181 413 1228 et
427 1168 542 1230 nubifer
556 1170 744 1251 Apenninus.
999 1176 1061 1236 225

126 1262 218 1323 'I'unc
233 1263 304 1324 verri
318 1262 476 1325 Phaethon
491 1265 603 1326 cunctis
619 1287 636 1326 e
653 1267 781 1346 partibus
796 1268 897 1329 orbem

85 1358 224 1440 Adspicit
239 1380 411 1421 accensum:
435 1382 490 1422 nec
505 1375 602 1422 tantos
617 1363 739 1423 sustinet
754 1377 855 1426 aestrrs:

85 1453 309 1536 Ferventesque
325 1477 419 1532 auras,
435 1457 517 1517 velut
532 1478 548 1517 e
564 1457 680 1520 samace
695 1458 849 1540 profundi,

85 1549 148 1611 Ore
162 1551 262 1626 trahit,
276 1572 436 1631 currusque
452 1572 519 1611 suos
534 1553 711 1613 candescere
726 1555 825 1614 sentit.

85 1644 128 1706 Et
141 1667 240 1729 neque
253 1645 317 1727 jam
331 1647 444 1705 cineres
459 1645 674 1728 ejectatamque
690 1646 818 1708 favillam
998 1653 1061 1715 230

79 1736 177 1804 Ferre
193 1755 309 1824 potest:
332 1741 486 1824 calidoque
502 1742 659 1803 involvitur
672 1743 801 1825 undique
815 1741 907 1808 firmo.

85 1837 218 1920 Quoque
234 1851 292 1913 eat,
308 1850 358 1898 aut
372 1838 421 1898 ubi
436 1839 483 1914 sit,
499 1837 585 1919 picei
599 1840 722 1919 caligine
737 1853 832 1902 tectus

84 1931 208 2009 Nescit3
231 1947 260 1995 et
275 1934 391 1994 arbitrio
406 1934 559 1994 volucrum
573 1947 704 2015 raptatur
719 1956 870 2016 equorum.

127 2030 278 2111 Sanguine
293 2043 356 2091 turn
370 2030 494 2092 eredunt
510 2031 539 2090 in
554 2049 678 2111 corpora
692 2050 806 2091 summa
818 2044 933 2106 vocato,

87 2125 264 2207 AEthiopum
278 2127 403 2208 populos
417 2126 532 2207 nigrum
547 2126 670 2187 traxisse
687 2126 825 2187 colorem.

85 2220 168 2282 Tum
183 2221 260 2283 iacta
274 2236 318 2283 est
333 2221 442 2303 Libye,
457 2223 546 2304 raptis
562 2222 732 2284 humoribus
747 2236 828 2299 aestu,

87 2316 197 2393 Arida;
218 2331 281 2378 turn
296 2319 434 2400 nymphae
451 2319 542 2400 passis
557 2319 712 2400 sontesque
728 2320 867 2403 lacusque

86 2411 247 2474 Deflevrire
263 2414 366 2474 cornis.
411 2412 526 2484 Quarit
539 2413 659 2475 Boeotia
673 2415 796 2489 Dircen,

88 2509 181 2589 Argos
196 2510 401 2590 Amymonen,
417 2505 542 2589 Ephyre
558 2507 711 2569 Pirenidas
726 2509 829 2569 undas.

85 2603 152 2666 Nec
166 2607 267 2667 sortita
281 2606 348 2667 loco
363 2604 502 2666 distantes
517 2603 639 2664 flumina
653 2605 731 2686 ripas
997 2609 1061 2671 240

84 2701 167 2763 Tuta
179 2716 317 2764 manent:
341 2702 444 2763 mediis
458 2700 570 2762 Tanais
586 2701 708 2763 fumavit
723 2702 752 2764 in
768 2702 863 2780 undis,

85 2797 263 2881 Peneosque
279 2820 383 2874 senex,
398 2797 678 2880 Teuthranteusque
694 2786 815 2876 Caicus,

85 2891 128 2955 Et
141 2896 222 2957 celer
235 2895 378 2972 lsmenos,
393 2917 462 2957 eum
477 2895 629 2957 Phocaico
645 2894 842 2975 Erymantho,

85 2991 273 3074 Arsurusque
289 2993 394 3053 iterurn
411 2991 561 3065 Xanthus,
578 2991 730 3071 flavusque
745 2990 920 3070 Lycormas,

85 3086 209 3170 Quique
225 3089 383 3151 recurvatis
397 3087 471 3149 ludit
487 3086 652 3148 Maeandros
668 3087 697 3148 in
712 3087 815 3164 undis3
997 3091 1060 3153 245

85 3183 326 3267 Mygdoniusque
342 3183 449 3261 Melas,
465 3197 495 3247 et
510 3183 662 3246 Taenarius
678 3182 814 3246 Eurotas.

85 3281 167 3343 Arsit
182 3296 212 3344 et
227 3281 395 3365 Euphrates
410 3282 604 3365 Babylonius,
620 3283 688 3344 arsit
707 3281 845 3358 Orontes,

84 3376 338 3467 Thermodonque
352 3381 438 3456 citus,
454 3380 643 3462 Gangesque,
660 3393 691 3441 et
705 3379 822 3455 Phasis,
838 3392 869 3440 et
883 3377 967 3439 Ister.

84 3474 205 3540 Estuat
219 3478 371 3559 Alpheos:
393 3478 462 3559 ripa
479 3476 676 3559 Spercheides
691 3477 809 3538 ardent:

384 3574 433 3636 3*
