2348 4102
126 322 169 385 30
437 328 785 379 METAMORPHOSEON

126 469 279 558 Quodque
294 498 347 537 suo
361 476 463 557 Tagus
479 499 565 538 amne
580 478 672 552 vehit,
688 478 752 538 fluit
767 478 891 557 ignibus,
907 499 1022 541 aurum.
1040 484 1109 544 250

127 572 178 647 Et,
194 594 257 654 quae
272 571 413 633 Maeonias
428 573 610 633 celebrarant
624 573 752 633 carmine
767 573 855 654 ripuS,

126 666 289 729 Flumineo
306 668 438 727 volucres
454 667 552 727 medio
566 668 683 727 caludre
702 667 841 748 Caystro.

126 761 212 823 Nilus
227 762 256 822 in
272 777 439 822 extremum
453 761 525 841 sugit
538 764 707 842 perterritus
721 765 833 839 orbern,

125 858 325 940 Occuluitque
341 872 442 939 caput,
459 858 536 939 quod
552 858 648 919 adhuc
662 860 743 919 latet.
789 858 875 920 Ostia
888 875 1008 942 septem

125 952 337 1016 Pulverulenta
353 967 470 1040 vacant,¹
484 967 599 1034 septem
614 955 676 1015 sine
692 955 811 1017 flumine
827 956 929 1018 valles.
1040 962 1105 1022 255

125 1047 202 1110 Fors
218 1051 322 1110 eadem
338 1049 474 1110 Ismarios
489 1048 624 1109 Hebrum
639 1071 707 1110 curn
723 1050 998 1132 Strymone'siccat,

126 1143 347 1227 Hesperiosque
359 1166 470 1218 amnes,
482 1143 635 1218 Rhenum,
647 1143 900 1228 Rhodanumque,
912 1147 1105 1232 Padumque,

126 1239 244 1320 Cuique
261 1240 313 1299 fuit
328 1261 424 1299 rerum
441 1241 582 1320 promissa
596 1242 738 1320 potentia,
753 1240 900 1322 Thybrin.

126 1333 240 1396 Dissilit
255 1356 342 1394 omne
358 1335 471 1408 soluni;
494 1348 686 1416 penetratque
701 1337 730 1396 in
745 1336 869 1398 Tartara
883 1338 962 1399 rimis

125 1428 255 1506 Lumen,
272 1444 303 1490 et
317 1430 460 1491 infernum
475 1444 564 1491 terret
578 1452 647 1491 curn
663 1432 788 1513 conjuge
803 1454 916 1512 regern.
1040 1435 1108 1497 26⁰

127 1524 167 1587 Et
182 1547 262 1586 mare
277 1527 474 1587 contrahitur:
498 1527 639 1608 siccaeque
655 1541 701 1588 est
714 1549 835 1608 campus
851 1549 955 1603 arenae,

126 1621 220 1695 Quod
235 1623 325 1683 modo
340 1637 448 1704 pontus
464 1638 535 1684 erat.
580 1622 726 1705 Quosque
743 1624 833 1684 altum
850 1612 965 1685 texerat
979 1645 1091 1706 aequor,

127 1715 282 1778 Exsistunt
296 1732 422 1792 montes,
438 1733 468 1778 et
482 1739 596 1799 sparsas
612 1718 760 1798 Cycladas
776 1733 895 1798 augent.
1109 1721 1114 1730 '

126 1811 191 1872 Ima
205 1826 310 1893 petunt
325 1814 437 1894 pisces:
460 1834 516 1873 nec
532 1835 563 1873 se
579 1834 667 1893 super
681 1825 800 1894 aequora
814 1815 896 1874 curvi

126 1906 247 1969 Tollere
262 1921 415 1971 consuetas
431 1910 541 1970 audent
556 1909 710 1990 delphines
725 1909 753 1969 in
771 1930 865 1970 auras.
1039 1910 1107 1971 265

127 2003 261 2085 Corpora
277 2006 437 2086 phocarum
453 2027 568 2066 summo
583 2006 720 2086 resupina
735 2005 879 2086 profundo

127 2098 306 2161 Exanimata
317 2101 428 2182 jacent.
473 2099 574 2180 Ipsum
592 2121 708 2181 quoque
725 2099 824 2160 Nerea
839 2100 916 2160 sarna
931 2115 986 2176 est,

127 2194 310 2275 Doridaque,
326 2209 356 2255 et
370 2208 464 2268 natea,
477 2195 583 2274 tepidis
599 2195 716 2254 latuisse
732 2195 786 2255 sub
802 2195 900 2255 antris.

127 2287 191 2349 Ter
205 2289 363 2371 Neptunus
378 2290 459 2371 aquis
473 2311 542 2349 cum
558 2302 641 2350 torvo
656 2291 775 2351 brachia
790 2292 871 2352 vultu
1040 2372 1043 2377 ι
1103 2356 1105 2361 ,

128 2382 276 2446 Exserere
292 2406 379 2446 ausus
393 2398 471 2447 crat:
495 2399 540 2446 ter
554 2408 612 2447 non
628 2387 693 2448 tulit
708 2388 782 2449 acris
799 2401 895 2449 astus.
1039 2392 1110 2454 270

171 2481 261 2543 Alma
275 2495 374 2543 tamen
389 2481 505 2559 TelluS,
519 2497 551 2545 ut
567 2497 629 2545 erat
643 2485 824 2566 circumdata
838 2498 939 2565 ponto,

127 2577 208 2641 Inter
222 2601 311 2660 aquas
327 2581 434 2658 pelagi,
449 2594 613 2641 contractos
628 2580 757 2660 undique
773 2579 878 2654 sontes,

98 2696 100 2701 ·
128 2671 191 2745 Qui
205 2695 237 2733 se
252 2673 442 2733 condiderant
456 2674 484 2733 in
500 2697 599 2754 opacae
616 2675 727 2735 viscera
743 2674 859 2750 nratris3

128 2768 251 2830 Sustulit
267 2767 423 2829 omniseros
438 2769 514 2829 collo
530 2783 616 2829 tenus
630 2769 709 2829 arida
724 2771 838 2829 vultus:

128 2864 336 2948 Opposuitque
352 2886 471 2927 manum
486 2864 588 2926 sronti:
620 2886 787 2946 magnoque
803 2878 930 2947 tremore
1038 2868 1105 2929 275

127 2961 236 3024 Omnia
252 2962 422 3024 concutiens
437 2963 557 3045 paulum
572 2963 720 3038 subsedit;
742 2975 772 3024 et
787 2961 871 3037 insrd,

128 3057 231 3131 Quam
246 3060 321 3118 solet
336 3079 411 3133 esse,
427 3058 497 3119 fuit:
520 3060 657 3142 siccatque
673 3059 712 3121 ita
727 3081 801 3124 voce
816 3060 914 3121 locuta
928 3073 989 3121 est:

129 3153 179 3215 ‘Si
196 3154 293 3234 placet
308 3154 376 3227 hoc,
391 3155 554 3235 meruique,
570 3156 673 3235 quido
688 3169 738 3215 tua
754 3156 876 3216 sulmina
889 3168 1015 3233 cessant,

129 3249 251 3311 Summe
267 3248 377 3310 dedm?
399 3247 505 3310 Liceat
519 3250 653 3330 periturae
668 3250 776 3310 viribus
790 3250 875 3330 ignis,

128 3344 201 3427 Igne
217 3347 311 3428 perire
326 3359 396 3422 tuo;
418 3346 592 3427 clademque
609 3361 727 3408 auctore
743 3346 852 3408 levare.
1040 3352 1105 3414 28)

130 3439 193 3504 Vix
207 3446 345 3526 equidem
360 3444 459 3507 lauces
474 3443 538 3505 haec
553 3442 616 3525 ipsa
629 3444 659 3506 in
674 3444 762 3507 verba
777 3445 912 3524 resolvo,’
