2348 4102
443 385 617 437 EPISTOLA
641 387 715 436 XIII.

419 592 638 656 EPISTOLA
666 593 756 657 Xlll.
857 660 860 665 .

389 781 554 823 LAODAMIA
575 783 785 824 PROTESILAO·

99 924 238 1004 Mrrrrr,
253 938 284 988 et
297 938 379 1008 optat
394 947 506 1005 amans,
522 927 581 1011 qub
596 929 728 1005 mittitur,
743 929 795 1006 ire,
810 929 946 1007 salutem,
1034 940 1035 945 ’

142 1021 279 1084 AEmonis
294 1022 436 1086 AEmonio
451 1024 616 1086 Laodamia
631 1025 704 1086 viro.

98 1117 209 1196 Aulide
224 1131 254 1179 te
270 1117 348 1181 sama
362 1133 407 1181 est
423 1123 512 1182 vento
526 1122 670 1182 retinente
685 1121 801 1182 morari.
818 1188 825 1196 ,

141 1213 212 1274 Ah!
235 1234 284 1274 me
298 1214 368 1275 cirrn
382 1214 508 1296 filgeres,
523 1216 571 1278 hie
586 1216 635 1277 ubi
651 1230 756 1278 ventus
772 1219 855 1279 erat?

97 1306 180 1369 Turn
195 1308 268 1371 freta
283 1310 443 1374 debuerant
458 1314 560 1375 vestris
573 1313 715 1376 obsistere
729 1314 827 1377 remis.

141 1402 220 1464 Illud
235 1420 296 1467 erat
311 1410 394 1469 savis
408 1409 480 1469 utile
494 1423 612 1489 tempus
627 1410 717 1491 aquis.

97 1500 212 1561 Oscula
226 1502 311 1583 plura
325 1503 398 1578 viro,
413 1503 610 1584 mandataque
626 1505 710 1584 plura
724 1505 890 1566 dedissem:

140 1595 183 1658 Et
198 1609 267 1657 sunt
282 1617 346 1678 quae
361 1597 441 1657 volui
455 1597 553 1658 dicere
568 1598 653 1679 plura
670 1598 733 1658 tibi.
784 1605 786 1608 ”

98 1691 218 1774 Raptus
233 1711 265 1752 es
280 1691 348 1754 hinc
363 1712 511 1774 praeceps:
534 1705 575 1769 et,
592 1693 641 1775 qui
656 1705 707 1754 tua
721 1693 788 1754 vela
803 1696 932 1769 vocaret,

141 1786 246 1859 Quem
259 1800 403 1869 cuperent
417 1801 523 1865 naute,
538 1808 596 1850 non
611 1809 678 1871 ego,
695 1801 799 1851 ventus
813 1801 885 1851 erat.
1034 1793 1074 1854 10

99 1883 217 1946 Ventus
232 1897 294 1945 erat
308 1885 402 1945 nautis
417 1898 513 1966 aptus,
528 1905 588 1945 non
605 1897 691 1966 aptus
706 1884 824 1946 amanti.

141 1980 248 2042 Solvor
262 1979 299 2040 ab
313 1980 465 2062 amplexu,
480 1979 654 2055 Protesilai,
669 1993 721 2041 tuo
734 2000 742 2054 3

97 2075 275 2158 Linguaque
290 2076 455 2137 mandantis
470 2075 559 2137 verba
574 2074 747 2157 imperfecta
760 2074 915 2158 relinquit3

135 2171 205 2232 ‘vix
220 2172 290 2233 illud
306 2172 401 2254 potuit
415 2172 513 2234 dicere
528 2171 610 2233 triste
625 2169 745 2234 ‘Vale'

98 2267 236 2330 Incubuit
249 2267 373 2351 Boreas,
389 2268 568 2350 abreptaque
583 2268 650 2329 vela
664 2267 790 2331 tetendit
798 2288 807 2344 3
1032 2267 1072 2331 15

53 2359 55 2366 ’
140 2362 268 2446 Jamque
284 2383 369 2424 meus
383 2362 470 2441 longe
485 2361 664 2423 Protesilaus
678 2378 750 2424 erat.

98 2460 181 2521 Dum
197 2461 279 2543 potui
295 2471 429 2541 spectare
445 2458 549 2533 virum,
564 2467 698 2538 spectare
708 2456 848 2541 juvabat:

141 2555 274 2638 Sumque
288 2568 354 2617 tuos
368 2554 470 2617 oculos
484 2573 578 2636 usque
593 2565 695 2614 secuta
709 2553 793 2630 meis.

98 2651 142 2714 Ut
156 2665 186 2714 te
202 2674 260 2713 non
274 2665 418 2734 poteram,
433 2663 566 2733 poteram
581 2662 632 2711 tua
647 2647 844 2739 velav'idere:

142 2748 219 2810 Vela
235 2749 284 2809 diu
300 2748 397 2810 vultus
411 2747 564 2808 detinuere
578 2765 671 2808 mene.
1029 2746 1072 2808 20

98 2845 141 2905 At
158 2858 312 2928 postquam
326 2867 382 2907 nec
397 2858 438 2920 te,
452 2864 509 2905 nec
525 2843 591 2903 vela
605 2841 720 2921 fugacia
735 2838 812 2914 vidi;

141 2939 183 3002 Et
198 2941 276 3024 quod
291 2947 467 3022 spectarem,
483 2937 534 3012 nil,
549 2936 604 2996 nisi
618 2936 736 3018 pontuS,
753 2946 834 3009 erat3

96 3035 170 3098 Lux
186 3057 303 3120 quoque
318 3049 418 3096 tecum
434 3033 519 3107 abiit3
542 3031 668 3092 tenebris
685 3029 843 3112 exsanguis
857 3029 965 3093 obortis

87 3140 89 3147 '
141 3134 290 3195 Succiduo
304 3133 385 3194 dicor
399 3129 590 3218 procubuisse
605 3150 693 3210 genu.
952 3215 955 3218 ἡ

100 3229 162 3290 Vix
177 3250 261 3291 socer
274 3228 415 3311 Iphiclus,
432 3229 482 3290 vix
496 3248 545 3289 me
559 3225 731 3307 grandevus
749 3225 886 3300 Acastus,
1029 3225 1071 3286 25

142 3325 204 3387 Vix
219 3339 313 3388 mater
327 3325 425 3406 gelida
438 3336 544 3385 moesta
559 3322 660 3384 refecit
675 3321 763 3405 aqui.

98 3421 238 3484 Officium
253 3421 351 3484 fecere
367 3421 459 3504 pium,
475 3419 528 3480 sed
542 3418 643 3480 inutile
657 3419 751 3481 nobis.

141 3517 281 3600 Indignor
293 3519 405 3583 misere
419 3538 479 3578 nou
493 3515 609 3578 licuisse
623 3515 707 3577 mori.
761 3552 764 3557 ‚
801 3511 812 3531 “
