2348 4102
507 347 617 398 LIBER
632 349 670 407 X„

83 503 85 507 '
97 466 258 570 Orantem,
273 491 436 580 faunique
450 494 556 557 iterum
571 497 690 558 transire
705 496 866 573 volentem,

99 587 232 650 Portitor
245 603 386 651 arcuerat.
431 589 555 673 Septem
569 604 668 654 tamen
683 593 732 654 ille
747 593 850 656 diebus

90 679 260 766 'Squalidus
274 685 303 746 in
318 684 392 768 npti,
407 684 525 748 Cereris
540 687 602 749 sine
617 709 749 767 munere,
764 689 851 750 sedit.

99 777 195 856 Cura,
211 780 351 862 dolorque
366 781 465 858 animi,
479 783 675 866 lacrymaeque
690 785 828 857 alimenta
843 783 936 846 fuere.
1031 788 1073 848 '15

100 871 179 934 Esse
194 873 265 936 deos
280 873 371 937 Erebi
385 875 519 937 crudeles
534 889 665 959 questus,
680 877 710 937 in
725 878 813 938 altam

99 967 145 1030 Se
158 969 261 1052 recipit
275 969 457 1054 Rhodopen,
472 972 649 1056 pulsumque
663 972 860 1056 Aquilonibus
875 971 1012 1036 Haemon.
1038 1038 1039 1041 ,
1085 1019 1086 1022 ,

243 1278 244 1283 ’
288 1303 496 1348 nrrcrnrnus
519 1306 555 1348 nr
574 1273 706 1348 ἠοω
727 1307 887 1350 nostrus.

528 1484 558 1523 v.
575 1467 646 1525 162.
691 1475 694 1478 ’

143 1639 193 1702 Te
209 1659 338 1723 quoque,
353 1639 525 1722 Amyclide,
538 1641 684 1724 posuisset
699 1642 729 1703 in
743 1643 851 1705 ethere
866 1642 1011 1722 Phoebus,

98 1733 214 1798 Tristia
225 1735 250 1797 si
264 1735 390 1819 spatium
404 1737 533 1819 ponendi
546 1736 624 1800 Fata
638 1738 797 1823 dedissent.

98 1830 177 1904 Qut
190 1831 269 1907 licet,
281 1845 407 1908 aeternus
423 1846 521 1894 tamen
537 1855 586 1894 es:
611 1831 783 1918 quotiesque
798 1835 913 1918 repellit
1032 1835 1075 1897 8⁰

101 1922 168 1988 Ver
182 1927 321 2003 hiemem,
336 1927 475 2010 Piscique
490 1928 578 1989 Aries
591 1929 724 1990 succedit
738 1928 867 2011 aquoso;

99 2023 153 2086 Tu
168 2025 255 2087 toties
269 2027 368 2102 oreris,
383 2027 529 2109 viridique
541 2028 571 2089 in
583 2029 699 2126 cespite
715 2048 830 2090 vernas.

88 2117 89 2120 ’
143 2119 273 2204 Jamque
287 2121 348 2184 fere
363 2123 477 2184 medius
492 2123 584 2186 Titan
599 2125 742 2187 venientis
756 2138 787 2186 et
801 2138 873 2189 acta

101 2215 207 2278 Noctis
223 2231 294 2294 erat,
309 2220 461 2302 spatioque
476 2221 539 2302 pari
554 2220 679 2283 distabat
692 2215 857 2305 utrimque:

100 2310 238 2394 Corpora
255 2315 458 2390 testebrant,
474 2328 504 2375 et
518 2336 606 2377 succo
621 2318 737 2397 pinguis
747 2318 819 2383 olivi
1030 2319 1074 2382 85

100 2407 331 2492 Splendescunt,
346 2408 455 2490 latique
470 2409 572 2477 ineunt
586 2399 746 2472 certamina
760 2411 842 2472 disci.

100 2503 206 2578 Quem
220 2506 299 2588 priris
315 2505 408 2567 adrias
422 2495 558 2567 libratum
573 2505 707 2568 Phoebus
722 2506 752 2566 in
766 2526 850 2567 auras

100 2599 196 2677 Misit,
212 2614 242 2662 et
255 2602 405 2683 oppositas
420 2600 533 2684 disjecit
547 2592 679 2683 pondere
693 2601 798 2664 nubes.
811 2624 814 2629 ·

102 2694 224 2759 Recidit
238 2697 266 2758 in
280 2698 404 2759 solidam
417 2698 506 2778 longo
520 2697 735 2781 pbsttempore
749 2712 855 2761 terram

101 2791 243 2855 Pondus:
267 2808 297 2855 et
312 2794 446 2856 exhibuit
456 2793 591 2877 junctam
606 2816 675 2857 cum
691 2794 799 2857 viribus
814 2808 917 2856 artem.
1030 2797 1072 2858 90

58 2921 59 2924 “
100 2889 240 2951 Protinus
254 2890 434 2971 imprudens,
449 2903 590 2972 actusque
605 2889 743 2969 cupidine
757 2890 829 2965 ludi,

99 2984 223 3048 Tollere
237 2984 407 3049 Taenarides
421 2984 523 3045 orbern
537 2985 728 3066 properabat:
751 2998 781 3047 at
792 2984 874 3048 illum

101 3080 187 3144 Dura
200 3079 372 3165 'repercusso
386 3078 510 3164 subjecit
525 3081 562 3142 ab
577 3084 644 3141 aere
663 3081 748 3143 tellus

51 3188 53 3192 ’
100 3175 257 3253 lnvultus‚
265 3176 455 3259 Hyacinthe,
471 3190 564 3240 tuost
592 3175 748 3259 Expalluit
763 3180 858 3262 aequb,
931 3222 934 3226 -

102 3273 149 3336 Ac
165 3293 250 3355 puer,
264 3274 327 3355 ipse
344 3274 434 3335 deus:
458 3275 661 3358 collapsusque
677 3267 788 3357 excipit
801 3288 900 3346 artus:
1031 3279 1073 3339 at

101 3367 143 3431 Et
157 3369 247 3430 modb
261 3383 290 3431 te
305 3369 434 3450 resonet:
456 3369 546 3430 modo
561 3371 652 3432 tristia
665 3371 787 3433 vulnere
801 3370 908 3432 siccat:

101 3462 192 3528 Nunc
206 3465 334 3529 animem
348 3465 473 3529 admotis
488 3463 650 3547 lugientem
664 3467 787 3528 sustinet
800 3465 908 3529 herbis.

896 3824 1134 3973 aarum
