2348 4102
455 364 630 424 nrlsuona
651 368 711 421 vn.
1021 366 1101 440 157,

103 500 217 576 Certus
232 524 276 582 es,
289 505 398 584 Ainea,
413 529 482 572 oum
497 509 610 573 soedere
624 513 739 574 solvere
754 532 862 575 naves:

149 598 288 684 Quaque
303 603 352 663 ubi
367 604 424 666 sint
438 607 544 682 neseis,
559 605 634 668 Itala
647 628 738 688 regna
752 609 846 690 sequi.

106 691 172 758 Neo
188 717 266 758 nova
279 696 440 780 Carthago,
454 721 511 764 nac
526 714 556 763 te
569 704 731 764 crescentia
745 717 868 785 tangunt

148 789 282 867 Moenia3
304 813 361 856 neo
376 808 493 876 sceptro
507 795 612 857 tradita
626 817 742 859 summa
756 811 818 859 tuo.
1043 806 1083 866 10

105 883 200 948 Facta
215 886 308 968 firgis3
330 886 464 951 facienda
479 891 566 972 petis.
611 891 784 964 Quaerenda
798 913 852 976 per
865 895 968 958 orbem

148 983 262 1058 Altera,
278 985 399 1067 quaesita
413 999 458 1049 est
472 987 563 1048 altera
578 1000 655 1049 terra
672 988 736 1050 tibi.

104 1075 149 1139 Ut
163 1092 270 1140 terram
285 1081 428 1157 invenias,
444 1083 508 1164 quis
523 1104 590 1144 eam
604 1084 657 1145 tibi
671 1079 767 1147 tradet
781 1085 971 1152 habendam?

148 1170 227 1246 Quis
240 1196 294 1237 sua
308 1198 367 1238 non
382 1178 458 1239 notis
472 1199 544 1240 arva
557 1179 686 1241 tenenda
699 1180 803 1244 dabit?

103 1269 192 1331 Alter
205 1271 357 1335 habendus
372 1294 454 1335 amor
467 1275 519 1336 tibi
534 1289 634 1351 restat,
650 1277 785 1339 etaltera
800 1275 899 1342 Dido:
1041 1281 1081 1342 15

146 1365 308 1451 Quamque
323 1370 430 1431 iterum
444 1369 538 1446 fallea,
553 1373 645 1435 altera
659 1372 757 1435 danda
766 1374 854 1451 fides.

100 1459 235 1535 Quando
249 1463 314 1539 erit,
329 1477 362 1524 ut
375 1465 485 1527 condas
496 1465 585 1526 instar
596 1467 783 1548 Carthaginis
794 1469 909 1545 urbem,

144 1556 186 1620 Et
202 1559 301 1620 videas
317 1558 443 1640 populos
458 1560 534 1621 altus
548 1561 586 1621 ab
601 1581 668 1622 arce
683 1565 769 1624 tuos?
819 1623 821 1630 ,

98 1652 213 1715 Omnia
227 1667 260 1715 ut
274 1654 420 1729 eveniant,
435 1674 491 1715 neo
506 1667 536 1716 te
551 1667 601 1716 tua
616 1669 684 1717 vota
698 1669 849 1719 morentur
857 1678 866 1732 ;
949 1713 962 1726 ,,

142 1749 236 1812 Unde
250 1750 313 1827 tibi,
329 1772 393 1833 que
407 1764 438 1812 te
452 1751 494 1813 sio
509 1764 599 1828 amet,
613 1773 690 1814 uxor
702 1752 779 1814 erit?
1036 1757 1080 1820 20

97 1845 214 1908 AEueas
227 1847 320 1909 oculis
335 1867 453 1929 semper
467 1848 612 1928 vigilantis
627 1848 765 1912 inhaeret:

98 1938 100 1943 ’
144 1942 261 2004 AEnean
277 1943 375 2005 animo
389 1964 510 2026 noxque
526 1943 648 2031 diesque
663 1943 762 2006 refert.

92 2037 156 2101 itta
171 2040 289 2122 quidem
304 2039 382 2101 male
397 2052 507 2121 gratus,
523 2053 553 2101 at
568 2039 605 2101 ad
620 2061 688 2102 maa
701 2061 824 2103 munera
838 2038 962 2120 surdus3

143 2134 185 2197 Et
200 2157 269 2219 quo,
283 2137 307 2198 si
321 2158 380 2198 non
394 2136 450 2198 sim
464 2137 562 2212 stulta,
577 2157 677 2199 carere
692 2137 799 2199 velim:

98 2229 170 2292 Non
185 2244 285 2293 tamen
299 2232 428 2308 AEnean‚
444 2233 579 2314 quamvis
594 2233 671 2305 male
686 2234 806 2315 cogitat,
821 2234 888 2297 odi:

143 2326 204 2389 Sed
220 2348 326 2410 queror
338 2327 470 2402 infidum,
486 2342 648 2410 questaque
664 2329 748 2411 pejus
763 2350 841 2391 amo.

98 2422 205 2499 Parce,
223 2423 338 2498 VenuS,
353 2422 449 2496 nurui,
465 2423 630 2503 durumque
645 2424 824 2503 amplectere
839 2422 970 2502 tiatrem,

142 2518 247 2581 Frater
261 2520 372 2580 Amor:
395 2504 497 2579 castris
511 2517 615 2578 militet
629 2516 678 2578 ille
696 2517 762 2578 tuis.

98 2615 221 2691 Fallor;
244 2629 273 2676 et
288 2616 340 2676 ista
356 2614 428 2676 mibi
443 2613 515 2676 falsb
526 2613 655 2696 jactatur
669 2613 776 2695 imago.

142 2711 246 2774 Matris
263 2713 299 2773 ab
314 2711 432 2791 ingenio
446 2710 566 2772 dissidet
581 2711 629 2772 ille
644 2732 714 2773 suae.

97 2808 148 2870 Te
162 2798 247 2891 lapis}
262 2822 292 2870 et
307 2821 432 2882 montes,
447 2808 604 2889 innataque
618 2809 739 2888 rupibus
754 2809 819 2869 altis

143 2905 274 2980 Robora,
291 2918 320 2965 te
334 2925 418 2965 saevae
434 2903 617 2984 progenuere
632 2901 717 2962 serae:

100 3003 163 3063 Aut
178 3023 270 3077 mare,
285 2999 371 3082 quale
387 2998 469 3059 vides
485 2998 585 3078 agitari
600 3018 678 3059 nunc
694 3017 812 3080 quoque
827 2999 939 3062 ventis:

142 3098 236 3171 Quod
251 3112 350 3160 tamen
366 3094 494 3158 adversis
509 3094 645 3156 fluctibus
660 3094 700 3156 ire
715 3115 810 3177 paras.

100 3194 174 3267 Quo
190 3194 285 3276 fugis?
307 3195 404 3256 obstat
419 3193 531 3254 hiems:
555 3190 659 3253 hiemis
674 3191 745 3253 mihi
760 3192 851 3274 gratia
866 3193 967 3276 prosit.
1032 3195 1075 3258 35

143 3291 287 3374 Adspice,
302 3304 335 3352 ut
349 3311 466 3352 eversas
481 3289 610 3351 concitet
625 3288 723 3350 Eurus
738 3309 839 3372 aquas.

99 3386 194 3461 Quod
209 3388 260 3449 tibi
276 3386 439 3461 maluerim,
454 3386 517 3446 sine
533 3406 581 3446 me
596 3385 704 3446 debere
719 3384 864 3467 procellis.

140 3484 255 3547 Justior
268 3497 314 3547 est
328 3483 426 3546 animo
441 3494 547 3544 ventus
562 3494 593 3543 et
607 3480 686 3543 unda
700 3494 762 3543 tuo.

402 3581 442 3642 14
