2348 4102
95 349 140 414 98
409 351 755 407 uernuoneuosuou

137 503 226 566 Talia
239 503 398 580 dicentem,
413 525 578 587 nervosque
594 505 631 565 ad
648 504 737 565 verba
750 516 933 580 moventem,
1028 505 1070 569 40

96 596 272 679 Exsangues
286 600 396 661 flebant
411 600 524 661 anirnae.
569 598 636 661 Nec
650 599 795 661 Tantalus
808 599 920 661 undam

96 692 238 777 Captavit
252 695 402 776 refugam:
426 695 596 778 stupuitque
611 695 722 757 Ixionis
736 696 824 756 orbis.

97 790 164 853 Nec
179 791 315 874 carpsere
326 791 412 875 jecur
426 793 579 854 volucres:
603 793 741 873 urnisque
758 791 901 854 recerunt
944 869 946 872 Α

96 885 236 950 Belides:
259 889 348 970 inque
364 902 415 951 tuo
430 888 540 964 sedisti,
555 888 694 970 Sisyphe,
710 908 793 949 saxo.

97 980 179 1045 Turn
195 983 321 1066 primiun
335 985 472 1066 lacrymis
487 984 629 1045 victarum
643 983 772 1045 carmine
789 983 867 1046 sama
881 997 928 1046 est
1030 986 1070 1048 45

99 1077 299 1141 Eumenidum
313 1080 460 1142 maduisse
471 1100 578 1160 genas:
601 1099 658 1142 nec
672 1080 752 1160 regia
766 1079 876 1163 conjux

17 1176 20 1180 ’
98 1173 231 1237 Sustinet
245 1176 349 1252 oranti,
364 1197 421 1238 nec
435 1176 485 1259 qui
498 1177 573 1256 regit
587 1176 658 1251 ima,
673 1197 798 1257 negare:

99 1268 329 1353 Eurydicenque
344 1284 461 1333 vocant.
506 1270 635 1332 Umbras
649 1285 711 1333 erat
725 1270 774 1334 ille
788 1285 924 1335 recentes

98 1363 195 1427 luter:
219 1378 250 1427 et
263 1365 381 1428 incessit
395 1387 483 1448 passu
497 1366 535 1427 de
550 1368 671 1429 vulnere
686 1368 779 1431 tardo.

84 1458 188 1523 ‘Hanc
202 1462 288 1524 simul
304 1474 335 1523 et
348 1463 446 1542 legem
461 1460 658 1545 Rhodopeius
673 1465 780 1547 accipit
794 1465 893 1541 heros,
1031 1466 1072 1527 50

99 1555 149 1620 Ne
164 1557 265 1621 flectet
280 1572 357 1620 retro
371 1579 424 1620 sua
438 1549 550 1621 lumina
558 1580 566 1635 ;
589 1559 684 1622 donec
699 1561 837 1622 Avemes

99 1651 216 1718 Exierit
230 1656 340 1718 valles:
363 1669 413 1717 aut
427 1655 505 1717 irrite
518 1655 595 1718 dona
604 1655 716 1718 sutura.

143 1749 283 1832 Carpitur
296 1751 425 1812 acclivus
440 1771 493 1832 per
507 1764 589 1812 muta
603 1752 716 1812 silentia
730 1764 851 1829 tremes,
890 1787 894 1792 -

99 1845 230 1923 Arduus,
245 1847 396 1923 obscurus,
409 1847 533 1929 caligine
546 1846 656 1909 densus
669 1846 775 1929 opaci.
836 1903 839 1906 ,

99 1941 167 2007 Nec
183 1944 285 2027 procul
300 1941 456 2006 abluerunt
469 1942 580 2007 telluris
594 1943 872 2024 margine-summe.
1031 1945 1073 2007 55

100 2036 172 2114 Hic,
186 2059 225 2101 ne
241 2039 390 2115 deficeret,
405 2052 552 2115 metuens,
567 2040 729 2121 avidusque
744 2038 873 2116 videndi,

100 2131 203 2195 Flexit
218 2155 318 2195 amans
332 2134 450 2194 oculos:
473 2135 651 2214 etprotiuus
666 2135 715 2195 illa
729 2139 845 2217 relapsa
858 2147 924 2199 est·
1047 2213 1050 2217 Ι

26 2278 29 2283 .
99 2226 286 2309 Brachiaque
300 2227 464 2303 intendens,
481 2229 643 2311 prendique
657 2243 688 2290 et
703 2232 846 2312 prendere
860 2243 990 2310 certans,

100 2323 151 2386 Nil
165 2324 219 2385 nisi
233 2324 374 2385 cedentes
388 2321 491 2385 infelix
505 2325 605 2408 arripit
620 2346 717 2387 auras.

99 2418 228 2504 Jamque
243 2420 349 2483 iterum
363 2420 491 2483 moriens
505 2443 565 2484 non
579 2435 624 2486 est
637 2423 675 2484 de
686 2421 813 2507 conjuge
828 2424 990 2507 quidquam
1032 2426 1073 2488 60

100 2515 219 2591 Questa
233 2539 303 2580 suo:
321 2517 397 2601 >quid
411 2519 491 2580 enim
505 2518 559 2580 nisi
574 2540 606 2580 se
622 2531 793 2601 quereretur
807 2523 957 2583 amatam?

20 2610 21 2613 '
100 2613 338 2695 Supremumque
354 2614 430 2688 vale,
446 2613 524 2694 quod
535 2613 599 2696 jam
614 2614 665 2676 vix
680 2613 797 2696 auribus
811 2615 860 2676 ille

102 2709 273 2790 Acciperet,
289 2707 380 2768 dixit:
404 2707 596 2789 revolutaque
612 2729 709 2770 rursus
724 2710 902 2788 eddemest.

143 2803 212 2865 Non
229 2804 312 2864 aliter
326 2802 439 2886 stupuit
449 2801 569 2884 gemini
583 2824 658 2865 nece
673 2805 805 2888 conjugis
821 2806 974 2890 Orpheus,

101 2898 204 2973 Quam
219 2900 272 2962 tria
287 2900 336 2983 qui
350 2900 480 2978 timidus,
495 2900 593 2962 medio
604 2914 738 2983 portante
753 2916 883 2980 catenas,
947 2896 951 2902 ⁵
1031 2906 1074 2967 65

101 2999 189 3063 Colla
203 3000 283 3062 canis
298 3001 387 3062 vidit:
411 3010 501 3083 quoni
514 3022 573 3074 nou
588 3021 680 3083 pavor
695 3002 763 3063 ante
773 3003 904 3089 reliquit,
921 3044 923 3049 ·

101 3091 204 3168 Quam
218 3109 319 3156 nature
333 3095 421 3176 prior,
433 3117 505 3157 saxo
520 3117 693 3179 percorpus
707 3100 827 3161 oborto:

101 3190 224 3274 Quique
238 3191 268 3251 in
283 3211 314 3251 se
329 3190 440 3251 crimen
454 3192 552 3266 traxit,
569 3192 719 3275 voluitque
735 3195 827 3257 videri

101 3288 214 3350 Olenos
229 3309 293 3377 esse
308 3307 436 3348 nocens:
458 3281 706 3374 tuque'oconfise
719 3291 827 3372 figurae,

101 3384 207 3448 Infelix
223 3385 356 3461 Lethea,
370 3397 446 3460 tue;
463 3382 647 3466 junctissima
661 3386 810 3473 quondam
1032 3392 1074 3452 70

101 3479 238 3559 Pectora,
253 3503 332 3544 nunc
345 3481 470 3564 lapides,
485 3501 558 3564 quos
566 3483 694 3549 humida
707 3483 830 3545 sustinet
843 3482 909 3546 lde.
