2348 4102
99 360 161 426 lae
395 351 743 421 Muranourrrosnort

138 518 261 600 longiis
275 519 304 580 in
320 532 476 600 angustum
491 518 550 601 qui
564 518 709 580 clauditur
723 517 951 601 Hellespontus,

80 613 170 681 ,Ilion
185 616 326 692 ardebat3
347 634 446 698 neque
461 615 558 677 adhuc
573 615 747 678 consederat
762 615 855 697 ignis:

96 709 308 795 Exiguumque
323 713 400 774 senis
416 712 526 776 Priami
541 712 625 775 Jovis
640 703 690 774 ara
703 731 839 774 cruorem

95 807 301 871 Combiberat.
345 808 488 873 Tractata
501 810 593 872 cornis
609 809 736 871 antistita
751 806 861 871 Phoehi
1013 805 1069 872 405

97 902 166 967 Non
182 905 362 988 profecturas
377 907 518 971 tendebat
532 908 569 970 ad
587 908 697 970 athera
712 906 835 989 palmas.

10 1017 18 1040 ‘⁴
97 1000 283 1065 Dardanidas
299 1017 406 1066 matres
421 1005 581 1087 patriorum
595 1005 678 1086 signa
692 1004 826 1080 deonrm,
941 1008 944 1012 ’

97 1096 182 1164 Dum
197 1100 276 1176 licet,
291 1100 455 1182 amplexas,
471 1121 671 1185 succensaque
687 1099 799 1183 templa
812 1112 949 1162 tenentes
1033 1096 1035 1100 ⁴

97 1194 245 1257 Invidiosa
257 1196 378 1257 trahunt
392 1196 519 1258 victores
534 1197 654 1278 praemia
669 1195 762 1280 Graji.
983 1260 987 1266 ,

97 1288 227 1351 Mittitur
240 1290 397 1372 Astyanax
413 1291 468 1352 illis
481 1292 521 1352 de
537 1291 673 1368 mnibus,
689 1291 769 1353 unde
1014 1293 1068 1353 410

97 1385 285 1467 Pugnantem
301 1406 412 1470 prose,
427 1387 619 1471 proavitaque
634 1409 725 1470 regna
739 1400 884 1464 tuentem,

97 1481 184 1566 Saepe
200 1482 300 1545 videre
317 1497 441 1566 patrem,
457 1498 650 1547 monstratum
666 1506 684 1546 a
704 1497 807 1561 matre,
823 1484 949 1547 solebat.

19 1598 22 1607 ’
97 1577 226 1662 Jamque
242 1581 319 1642 viam
335 1579 440 1643 suadet
454 1579 568 1644 Boreas
581 1603 589 1658 ;
612 1582 743 1664 flatuque
759 1579 891 1642 secundo

98 1673 232 1739 Carbasa
247 1688 326 1738 mota
342 1691 463 1739 sonant:
482 1677 569 1760 jubet
583 1678 626 1740 uti
641 1678 738 1739 navita
754 1677 860 1738 ventis.

99 1771 220 1855 ‘Troja,
234 1772 301 1833 vale
316 1794 323 1834 :
346 1771 496 1854 rapimur,'
512 1773 657 1835 clamant:
682 1773 811 1855 dantque
827 1772 930 1836 oscula
942 1786 1026 1836 terrae

98 1869 250 1933 Troades:
274 1883 305 1933 et
319 1871 419 1954 patria
432 1871 576 1935 fumantia
589 1884 667 1934 tecta
682 1871 861 1954 relinquunt.
1013 1872 1070 1934 416

99 1967 213 2030 Ultima
226 1969 398 2032 conscendit
413 1970 537 2033 classem
556 1967 735 2056 (miserabile
752 1968 830 2054 ¹risu)

98 2062 134 2126 ln
148 2065 252 2150 mediis
268 2063 396 2127 Hecube
411 2079 546 2128 natorum
561 2067 681 2129 inventa
696 2065 848 2149 sepulcris.

100 2159 293 2222 Prensantern
308 2161 446 2237 tumulos,
462 2175 550 2244 atque
564 2163 676 2222 ossibus
692 2162 793 2224 oscula
808 2162 929 2224 dantem
957 2235 960 2239 ¹

99 2255 246 2316 Dulichiae
261 2256 378 2316 traxere
393 2274 506 2317 manus.
549 2254 669 2318 Tamen
684 2259 769 2321 unius
785 2259 891 2336 hausit,
1015 2250 1074 2322 Μ

99 2350 194 2433 lnque
209 2352 273 2413 sinu
288 2352 401 2414 cineres
416 2373 518 2416 secum
532 2354 598 2417 tulit
614 2354 752 2418 Hectoris
768 2357 898 2418 haustos.

100 2447 238 2510 Hectoris
253 2448 282 2511 in
297 2450 411 2512 tumulo
425 2471 533 2514 canum
549 2452 585 2513 de
602 2452 711 2514 vertice
726 2453 849 2529 crinem,

99 2541 221 2608 Inferias
236 2548 350 2627 inopes,
365 2549 476 2609 crinem
492 2544 882 2633 lachrymasquerelinquit.

144 2641 209 2716 Est,
224 2642 273 2701 ubi
289 2641 381 2723 Troja
396 2641 460 2718 suit,
476 2643 614 2725 Phrygia
630 2647 774 2708 contraria
789 2646 888 2721 telluS,

99 2735 240 2798 Bistoniis
256 2736 384 2797 habitata
400 2735 476 2798 viris.
522 2739 735 2822 Polymestoris
750 2743 813 2804 illic
1016 2734 1077 2805 425

101 2832 199 2916 Regia
213 2833 296 2894 dives
311 2845 383 2910 erat,
398 2834 448 2896 cui
461 2848 491 2897 te
506 2835 651 2898 commisit
667 2828 806 2899 alendum

100 2931 201 3010 Clam,
217 2931 378 3013 Polydore,
394 2947 489 3015 pater,
503 2934 701 3018 Phrygiisque
716 2923 843 2996 removit
858 2935 895 2996 ab
911 2935 1010 2996 armis.

100 3031 266 3093 Consilium
282 3031 410 3113 sapiens,
425 3034 543 3095 sceleris
558 3035 612 3097 nisi
628 3035 746 3117 premia
760 3056 881 3116 magnas

103 3126 270 3209 Adjecisset
284 3147 367 3208 opeS,
383 3129 471 3190 animi
488 3131 636 3195 irritamen
651 3133 740 3193 avari.

104 3222 145 3286 Ut
159 3223 266 3285 cecidit
280 3221 413 3286 Fortuna
428 3225 595 3309 Phrygum,
609 3228 689 3310 capit
704 3228 810 3311 impius
826 3249 929 3292 ensem
1016 3231 1079 3293 4³0

101 3319 173 3382 Rex
187 3320 350 3398 Thracum,
360 3320 523 3406 juguloque
538 3324 583 3385 sui
598 3323 699 3407 defigit
713 3326 838 3389 alumni:

101 3406 153 3493 Et,
169 3431 309 3501 tanquam
323 3418 387 3481 tolli
400 3440 469 3484 cum
484 3440 606 3501 corpore
622 3423 743 3485 crimina
757 3436 891 3506 possent,
910 3430 912 3434 ‘

101 3510 282 3578 Exanimem
296 3537 313 3579 e
328 3517 452 3599 scopulo
465 3515 611 3602 subjectas
626 3520 704 3582 rnisit
718 3518 748 3582 in
763 3521 869 3584 undas.
