2348 4102
497 582 675 660 FASTI.

202 958 288 1025 LIB.
303 957 361 1022 ΙΙΙ.
380 961 409 1022 1.
446 955 532 1020 LIB.
548 955 591 1018 11.
606 956 682 1020 383.
718 952 806 1018 LIB.
821 951 881 1016 lv.
896 953 971 1018 809.

407 1125 558 1168 ROMULUS
581 1124 624 1167 m*
646 1123 766 1165 Rarius.

95 1252 259 1328 Brauon,
275 1251 415 1334 depositis
428 1251 539 1334 clypeo
552 1250 704 1347 paulisper
717 1261 748 1310 et
767 1247 864 1325 hasti,

139 1347 233 1425 Mars,
249 1349 337 1424 ades3
360 1361 391 1410 et
404 1347 510 1409 nitidas
524 1346 639 1409 casside
653 1346 736 1408 solve
751 1365 863 1408 comas.

95 1444 168 1530 Ipse
183 1446 266 1507 vides
281 1445 416 1506 manibus
430 1442 532 1524 peragi
547 1441 609 1504 fera
622 1442 701 1503 bella
715 1440 872 1504 Minervae.

140 1540 226 1604 Num
240 1540 337 1602 minias
352 1537 486 1618 ingenuis
501 1537 609 1599 artibus
624 1537 675 1599 illa
683 1539 795 1599 'vacati

96 1636 230 1701 Palladis
245 1635 387 1717 exemplo
402 1634 546 1716 ponende
562 1648 696 1716 tempora
709 1652 795 1696 sume

142 1732 303 1816 Cuspidis:
327 1732 460 1794 invenies
475 1744 506 1794 et
521 1730 601 1815 quod
615 1731 734 1794 inermis
750 1750 830 1814 agas.

94 1829 182 1893 Tum
197 1850 316 1912 quoque
331 1829 449 1890 inermis
465 1850 539 1906 eras,
554 1830 624 1891 ciam
639 1844 669 1891 te
684 1828 825 1891 Romana
838 1827 976 1891 sacerdos

142 1925 245 2007 Cepit,
261 1937 293 1986 ut
308 1925 377 1987 huic
391 1924 468 1987 Urbi
483 1925 597 1986 semina
612 1925 701 2007 digna
714 1924 810 1987 dares.
869 1994 870 1997 Ἴ

98 2019 156 2084 Ilia
171 2020 301 2083 Vestalis
318 2020 404 2106 (quid
420 2021 499 2083 enim
515 2035 596 2083 vetat
610 2020 679 2102 inde
695 2018 845 2106 moverii)

144 2118 239 2180 Sacra>
250 2118 396 2181 lavaturas
410 2117 499 2180 mane
513 2119 636 2201 petebat
651 2140 753 2202 aquas.
1044 2121 1085 2184 10

101 2212 238 2278 Ventum
254 2229 317 2276 erat
331 2215 369 2276 ad
384 2216 466 2277 molli
482 2215 629 2277 declivem
643 2216 759 2279 tramite
774 2215 886 2300 ripam:

143 2309 271 2374 Ponitur
285 2331 302 2372 e
317 2310 435 2372 summai
448 2310 544 2371 fictilis
559 2332 633 2372 urna
646 2311 744 2372 coma.

100 2405 197 2471 Fessa
211 2407 321 2469 resedit
335 2405 436 2481 humi;
458 2419 623 2488 ventosque
638 2406 754 2487 accepit
768 2420 872 2490 aperto

144 2503 293 2581 Pectore3
315 2503 445 2565 turbatas
460 2502 645 2585 restituitque
659 2522 771 2564 comas.
915 2490 919 2497 ⁵

101 2599 187 2664 Dum
202 2601 297 2677 sedet,
311 2600 455 2662 umbrosae
470 2599 587 2675 salices,
602 2597 797 2684 volucresque
811 2619 927 2665 canorae
1045 2603 1085 2665 15

144 2696 298 2760 Fecerunt
312 2717 441 2772 somnos,
458 2709 487 2759 et
502 2696 570 2758 leve
584 2717 717 2759 murmur
731 2718 825 2780 aque.
879 2745 882 2750 .

101 2793 220 2857 Blanda
235 2793 319 2877 quies
334 2793 419 2855 vietis
434 2791 533 2855 furtim
548 2793 679 2874 subrepit
693 2794 805 2871 ocellis,

102 2953 106 2961 ,
145 2889 188 2952 Et
202 2890 281 2952 cadit
296 2910 315 2951 a
328 2902 430 2950 mento
444 2888 583 2969 languida
598 2887 675 2949 facta
690 2908 804 2950 manus.

101 2985 259 3068 Languida
271 2985 431 3065 consurgit,
447 3005 504 3046 nec
519 2985 573 3046 scit
588 3005 642 3046 cur
656 2985 795 3066 languida
807 3001 924 3070 surgat:

146 3081 188 3145 Et
204 3082 318 3164 peragit
332 3082 406 3143 tales
422 3082 525 3144 arbore
541 3082 610 3144 nixa
625 3104 729 3146 sonos:
1042 3088 1086 3151 20

100 3179 205 3243 ‘Utile
220 3180 257 3241 sit
272 3179 471 3263 faustumque,
487 3202 602 3263 precor,
618 3181 697 3267 quod
713 3181 840 3265 imagine
853 3184 950 3247 somni

146 3275 302 3339 Vidnnus:
326 3297 363 3338 an
378 3299 482 3338 somno
496 3278 602 3340 clarius
617 3279 689 3341 illud
704 3283 788 3342 erat?

73 3390 78 3400 ·
101 3373 223 3458 lgmlaus
239 3372 336 3435 Iliacis
351 3374 488 3436 aderam:
511 3375 581 3435 cum
596 3375 678 3458 lapsa
691 3376 805 3459 capillis
841 3414 846 3424 .

145 3468 269 3532 Decidit
283 3483 351 3531 ante
366 3490 464 3531 sacros
479 3470 572 3556 lanea,
581 3471 653 3532 vitta
669 3470 761 3534 socos.

101 3564 178 3629 lude
192 3564 259 3629 duae
274 3565 384 3652 pariter
400 3565 479 3650 (visu
494 3565 644 3652 mirabile)
660 3567 768 3652 palmae
