2348 4102
514 304 681 382 nranaiv.
1040 329 1082 391 53

88 474 196 545 :Nunc
209 457 329 561 quoque
343 488 400 541 n'ec
414 476 530 559 fugiunt
543 478 705 556 bominem,
720 499 776 541 nec
792 481 913 542 vulnere
928 480 1053 544 laedunt:

55 640 57 644 ,
102 568 249 659 Quidque
264 572 344 657 pride
358 572 473 650 suerint,
491 574 773 656 placidimemindre
789 575 940 638 dracones.

344 784 442 826 arms
467 764 658 845 sulmonense
679 786 839 828 unsaros·

465 844 494 875 „²-
507 848 531 875 ”e

416 914 652 1007 aram.
836 996 839 1001 .

144 1049 219 1110 lnde
233 1071 287 1133 per
301 1049 318 1125 i,
386 1022 405 1045 ’δ’
466 1028 479 1061 ’ᾖ
527 1022 587 1145 'zris
602 1051 782 1113 discordibus
797 1065 880 1115 actsu

100 1141 192 1206 Nunc
207 1147 276 1222 buc,
291 1148 370 1208 nun‘c
417 1167 466 1225 uc,
478 1148 622 1233 exemplo
636 1148 720 1208 nubis
736 1168 862 1230 aquosae,

100 1239 221 1316 Fertur,
237 1255 320 1302 etex
337 1221 502 1304 alt0²s²ednc
554 1242 671 1323 'aethere
686 1243 774 1323 longe

100 1335 268 1419 Despectat
282 1352 390 1414 terras3
412 1256 567 1433 totumffie
581 1328 750 1421 supervblat
765 1340 877 1402 orbern.

100 1431 166 1493 Ter
179 1433 294 1514 gelidas,
305 1434 424 1510 Arctos,
438 1448 484 1495 ter
493 1408 607 1496 δεηθῇ
620 1435 739 1496 brachia
754 1435 842 1497 vidit:

101 1528 189 1610 Saepe
204 1529 258 1589 sub
274 1549 407 1603 occasus,
422 1549 500 1610 saepe
516 1541 561 1589 est
576 1529 689 1589 ablatus
703 1529 734 1589 in
748 1543 839 1589 ortus.

98 1622 228 1706 Jamque
244 1624 370 1686 cadente
386 1623 444 1700 die,
459 1623 568 1684 veritus
582 1644 614 1684 se
629 1623 751 1684 credere
766 1623 856 1698 nocti,
875 1616 878 1621 ¹

101 1718 244 1782 Constitit
260 1717 417 1801 Hesperio,
433 1719 530 1799 regnis
544 1718 683 1794 Atlantis,
699 1719 728 1779 in
743 1719 832 1795 orbe;

100 1814 311 1897 Exiguamque
327 1815 402 1897 petit
415 1815 558 1899 requiem,
574 1813 646 1875 dum
661 1813 783 1876 Lucifer
797 1815 880 1895 ignes

100 1911 221 1973 Evocet
237 1911 369 1986 Aurorae,
384 1931 485 1971 currus
501 1910 618 1970 Aurora
632 1910 761 1970 diurnos.

143 2006 205 2068 Hic
220 2007 373 2067 hominum
386 2010 510 2067 cunctos
525 2005 636 2085 ingenti
651 2007 928 2086 corpore‘praestans

101 2102 303 2186 dapetionides
319 2103 404 2165 Atlas
418 2102 482 2164 suit.
527 2100 642 2164 Ultima
656 2102 742 2165 tellus

100 2199 189 2280 Rege
205 2201 259 2260 sub
274 2201 341 2276 hoc,
356 2212 387 2262 et
401 2213 508 2281 pontus
523 2210 595 2275 erat,
612 2199 661 2282 qui
676 2199 744 2261 solis
760 2199 873 2262 anhelis

73 2335 76 2340 -
100 2296 234 2378 AEquora
249 2296 345 2356 subdit
360 2296 453 2377 equis,
469 2309 500 2356 et
515 2294 606 2378 sessos
622 2296 734 2377 excipit
750 2317 832 2357 axes.

100 2390 186 2454 Mille
201 2413 304 2473 greges
320 2392 371 2466 illi,
386 2391 569 2471 totidemque
584 2404 717 2451 armenta
731 2412 785 2472 per
798 2392 904 2452 herbas

100 2488 262 2563 Errabant:
287 2501 317 2547 et
331 2486 454 2546 humum
470 2485 575 2565 vicinia
589 2485 669 2545 nulla
683 2485 867 2565 premebant.

99 2585 241 2645 Arborea
256 2583 384 2657 frondes,
400 2601 470 2659 auro
485 2579 616 2642 radiante
633 2580 769 2657 virentes,

100 2679 152 2741 Ex
167 2702 238 2741 auro
252 2701 359 2755 minoe,
374 2699 414 2739 ex
429 2699 500 2740 auro
514 2699 604 2760 poma
618 2676 766 2759 tegebant.

100 2775 261 2857 ‘Hospes'
278 2776 316 2838 ait
331 2771 459 2836 Perseus
474 2775 525 2850 illi,
542 2781 612 2836 ‘seu
629 2775 719 2854 gloria
734 2775 827 2854 tangit

98 2871 148 2933 Te
163 2874 279 2954 generis
293 2872 410 2952 magni3
433 2871 548 2951 generis
563 2871 635 2930 mihi
649 2868 767 2948 Jupiter
786 2881 903 2929 auctor:

100 2968 171 3031 Sive
188 2989 219 3030 es
234 2969 353 3030 mirator
368 2987 484 3041 rerum3
505 2965 649 3026 mirabere
665 2977 787 3024 nostras.

99 3053 272 3147 Hospitium
288 3063 480 3146 requiemque
496 3060 589 3142 pet0.'
634 3057 754 3120 Memor
768 3059 817 3122 ille
834 3071 956 3131 vetuste
1014 3060 1077 3123 285

100 3161 194 3226 sortis
209 3175 287 3223 erat:
314 3158 453 3244 (Themis
469 3157 545 3220 hanc
560 3155 680 3218 dederat
695 3155 851 3218 Parnassia
865 3152 989 3239 sortem)

100 3257 266 3340 ‘Ternpus,
282 3257 363 3332 Atta,
379 3251 489 3343 venietj
503 3247 628 3336 tua'quo
643 3252 812 3336 spoliabitur
827 3273 897 3338 auro

102 3355 214 3417 Arbor:
239 3367 269 3415 et
285 3354 364 3413 hunc
380 3351 485 3434 praedae
500 3350 617 3411 titulum
632 3349 709 3410 Jove
724 3362 809 3410 natus
824 3344 963 3408 habebie’

100 3450 135 3512 ld
150 3464 298 3525 metuens,
312 3448 410 3510 solidis
426 3447 557 3543 pomaria
571 3446 716 3507 clauserat
732 3439 820 3505 ¹Atlas

359 3544 407 3605 5*
