2348 4102
97 364 159 433 166
495 342 690 427 fluuomcs.

95 518 154 582 Ibis
168 519 331 603 Cecropios
346 535 458 604 portus,
472 522 626 604 patriique
641 535 779 604 receptus

138 615 217 679 cum
233 617 347 679 steteris
361 619 440 680 urbis
454 619 551 680 celsus
565 619 594 679 iu
610 638 676 679 arce
692 631 760 694 tua,

95 711 137 777 Et
150 713 227 774 bene
242 713 365 776 narriris
380 715 473 776 letum
487 715 620 797 taurique
637 715 760 796 virique,

138 808 286 892 Sectaque
301 832 355 893 per
369 810 476 872 dubias
486 831 576 872 saxea
591 823 670 872 tecta
686 811 765 887 vias;

94 902 149 966 Me
165 927 282 989 quoque
297 920 412 969 narrato
427 906 490 968 solia
504 908 608 969 tellure
623 907 771 969 relictam:

138 999 208 1064 Non
223 1023 279 1082 ego
294 1024 358 1063 sum
373 1003 462 1064 titulis
476 1002 662 1085 subripienda
680 1003 747 1065 tuis.
1010 1007 1064 1067 130

95 1094 163 1159 Nec
178 1111 261 1179 pater
276 1111 320 1160 est
335 1098 467 1180 AEgeus;
489 1120 545 1161 nec
560 1113 592 1160 tu
607 1098 775 1160 Pittheidos
790 1097 905 1161 AEthrae

139 1193 250 1256 Filius:
274 1210 407 1258 auctores
422 1218 494 1259 saxa
507 1195 672 1279 fretumque
687 1197 740 1258 tui.

95 1288 139 1350 Di
153 1289 293 1366 lacerent,
308 1305 341 1352 ut
355 1312 404 1352 me
419 1291 535 1353 summit
550 1293 587 1352 de
604 1313 706 1373 puppe
722 1291 855 1355 videres!

137 1383 283 1448 Movisset
298 1388 395 1448 vultus
410 1400 517 1449 moesta
530 1389 622 1467 ligura
636 1401 727 1449 tuos.-

96 1480 184 1544 Nuno
200 1504 317 1566 quoque
332 1505 391 1545 non
406 1483 509 1560 oculis,
524 1484 588 1560 sed,
605 1483 664 1567 quai
677 1497 774 1565 potes,
789 1482 910 1564 adspice
926 1498 1025 1546 menta

138 1577 309 1642 Haerentem
323 1581 456 1663 scopulo,
471 1601 561 1662 quem
578 1601 650 1661 vaga
664 1580 761 1662 pulsat
776 1598 862 1662 aqua.
1009 1580 1064 1643 136

95 1675 227 1759 Adspice
243 1676 385 1738 demissos
398 1676 524 1757 lugentis
539 1677 568 1738 iu
583 1698 634 1738 ore
648 1675 788 1757 capillos;

138 1770 179 1831 Et
193 1771 305 1834 tunicas
320 1772 466 1855 lacrymis,
481 1773 557 1833 sicut
571 1773 607 1833 ab
621 1765 723 1846 imbre,
739 1790 854 1851 graves.

95 1865 224 1949 Corpus,
239 1880 272 1928 ut
286 1868 417 1950 impulse
432 1880 547 1948 segetes
563 1866 770 1950 Aquilonibus,
785 1866 904 1929 horret:

137 1963 297 2046 Literaque
313 1964 434 2027 articulo
449 1985 549 2048 pressa
563 1977 707 2028 tremente
722 1963 812 2025 labat.
1009 1966 1065 2027 140

94 2062 165 2127 Non
180 2077 210 2125 te
226 2085 280 2146 per
294 2065 443 2141 meritum,
459 2065 597 2146 quoniam
611 2065 689 2126 mal'e
704 2065 803 2141 cessit,
818 2063 918 2127 adom.

138 2159 250 2220 Debita
264 2160 301 2219 sit
316 2159 393 2220 facto
408 2160 499 2239 gratia
513 2160 594 2220 nulla
608 2180 693 2221 meo:

95 2253 154 2316 Sed
171 2275 226 2315 nec
241 2274 330 2337 poena
345 2254 475 2336 quidem
521 2255 552 2317 si
567 2277 626 2316 non
641 2277 697 2338 ego
711 2277 801 2321 causa
819 2224 932 2333 salutis,

137 2348 167 2411 N
169 2372 208 2411 on
222 2364 321 2412 tamen
336 2364 391 2427 est,
406 2373 458 2414 cur
472 2352 511 2414 sis
525 2365 557 2414 tu
572 2353 644 2414 mibi
658 2375 746 2415 causa
762 2355 853 2417 necis.

94 2443 159 2509 llas
174 2447 236 2524 tibi,
252 2447 419 2530 plangendo
433 2449 567 2531 lugubria
581 2463 701 2533 pectora
715 2451 814 2526 lassas,
998 2453 1066 2535 ,145

136 2544 244 2607 Infelix
260 2545 350 2606 tendo
364 2559 442 2610 trans
458 2545 531 2608 freta
545 2547 633 2626 longa
648 2567 763 2608 manus.

94 2638 160 2701 Hos
175 2640 237 2713 tibi,
253 2640 302 2721 qui
316 2654 465 2720 superant,
480 2641 605 2703 ostendo
620 2656 726 2704 moesta
739 2641 871 2724 capillos.

137 2734 198 2797 Per
211 2735 355 2816 lacrymas
370 2756 431 2810 oro,
448 2755 519 2819 quas
534 2749 585 2797 tua
600 2737 677 2798 sacta
690 2751 828 2800 movent.
906 2784 910 2789 -

95 2829 200 2893 Flecte
214 2843 318 2908 ratem,
333 2830 474 2909 Theseu3
497 2853 641 2916 versoque
657 2834 787 2896 relabere
803 2835 881 2898 velo
939 2888 944 2898 .

86 2969 89 2974 -
137 2928 170 2991 Si
185 2928 264 3011 prius
278 2929 435 3007 occider03
457 2943 603 2993 tutamen
618 2951 684 2993 ossa
696 2931 788 3013 leges.
1009 2933 1067 2994 15⁰
