2348 4102
388 542 523 646 nux,
558 541 778 626 aunum.
844 549 852 553 ·

98 882 129 946 N
131 904 176 946 ux
190 903 247 964 ego
257 882 360 968 juncta
375 883 440 960 via,
454 883 524 946 oirm
538 882 593 944 sim
607 883 669 944 sine
684 884 804 947 erimine
819 885 896 961 vita,

140 977 171 1039 A
186 979 297 1061 populo
311 979 390 1041 saxis
403 991 597 1063 pretereunte
612 993 707 1062 petor.

97 1071 234 1137 Obruere
249 1076 304 1136 ista
318 1076 393 1137 solet
406 1074 576 1137 manifestos
590 1096 680 1157 poena
695 1088 847 1152 nocentes,
901 1146 904 1148 ,
985 1064 989 1073 ’

141 1168 264 1232 Publica
279 1171 347 1232 oum
362 1171 471 1234 lentam
486 1192 545 1233 nou
559 1171 640 1252 capit
654 1171 695 1232 ira
708 1191 831 1234 moram.

98 1263 151 1327 Nil
167 1267 376 1347 egopeoeavi:
399 1267 492 1329 nisisi
507 1267 649 1349 peccasse
666 1280 797 1344 vocetur,
847 1254 852 1259 ’
918 1311 920 1314 -
1016 1268 1070 1328 ’6

139 1362 251 1422 Annua
265 1363 368 1424 cultori
382 1384 470 1442 poma
484 1363 591 1424 referre
606 1384 671 1424 suu.
932 1358 941 1373 ⁰

98 1455 142 1518 At
157 1457 236 1539 priris
251 1457 411 1531 arboribus,
426 1469 489 1517 tum
503 1456 572 1517 cum
586 1457 708 1519 meliora
721 1456 804 1520 lubre

139 1550 304 1631 Tempora,
319 1564 468 1611 certamen
482 1550 634 1611 fertilitatis
650 1566 722 1613 erat.

98 1644 181 1708 cum
197 1645 306 1706 domini
320 1664 465 1706 memores
480 1644 563 1706 sertis
577 1666 680 1708 ornare
694 1633 827 1710 solebant

140 1741 305 1821 Agricolas,
320 1739 415 1802 fructu
430 1741 632 1823 proveniente,
648 1741 730 1803 deos.

97 1835 186 1918 Saepe
201 1850 266 1898 tuas
281 1837 377 1917 igitur,
392 1837 493 1913 Liber,
508 1838 629 1899 miratus
643 1859 675 1899 es
689 1859 781 1900 uvas:

140 1931 250 1994 Mirata
264 1946 309 1994 est
323 1934 403 1994 oleas
418 1953 495 2015 sepe
510 1932 649 1994 Minerva
663 1953 741 1995 suas.

97 2026 253 2110 Pomaque
267 2029 407 2090 laesissent
420 2043 563 2104 matrem3
585 2028 615 2089 ni
630 2028 748 2091 subdita
760 2049 842 2092 ramo

139 2121 246 2205 Longa
260 2125 401 2187 laboranti
416 2123 497 2187 furca
510 2125 624 2186 tulisset
638 2146 739 2209 opem.
796 2181 799 2186 .
839 2169 857 2180 -.
880 2168 892 2189 .

97 2220 142 2281 At
156 2234 310 2303 postquam
326 2221 459 2303 platanis,
475 2221 608 2283 sterilem
617 2220 812 2302 prebentibus
826 2214 971 2300 unnbram,
1032 2222 1071 2283 15

138 2314 266 2379 Uberior
280 2316 385 2399 quavis
400 2317 501 2376 arbore
517 2317 597 2377 venit
611 2317 724 2392 honos;
791 2376 794 2380 Α
808 2372 826 2380 ,.
852 2325 854 2329 ’

98 2409 163 2474 Nos
178 2431 296 2494 quoque
310 2409 451 2492 frugifera
469 2410 508 2494 (si
523 2431 585 2470 nux
599 2410 689 2471 modb
705 2430 798 2491 ponor
811 2410 841 2471 in
855 2410 926 2493 illis)

139 2505 298 2588 Coepimus
314 2506 473 2588 impatulas
487 2505 634 2566 luxuriare
649 2523 759 2567 eomas.

98 2599 187 2664 Nune
202 2622 299 2684 neque
312 2594 466 2687 'eaptiuuqs
480 2606 639 2665 nasorum
660 2621 751 2684 poma
764 2622 818 2684 par
832 2621 940 2664 annos:

139 2699 268 2783 Uvaque
282 2701 351 2764 lasa
366 2700 497 2778 domum,
511 2701 637 2784 leaeque
651 2700 745 2763 baeoa
761 2701 848 2763 venit.
1028 2704 1071 2764 Μ

98 2798 191 2862 Certe
207 2820 273 2880 ego,
288 2801 312 2861 si
326 2820 476 2882 nunquam
491 2802 682 2881 peperissem,
697 2799 785 2860 tutior
799 2819 906 2862 essem.

128 2895 200 2958 .lsta
215 2895 442 2978 Clytemnestrae
458 2895 543 2974 digna
560 2894 681 2976 querela
696 2893 759 2955 fuit.
808 2927 809 2930 ¹

97 2991 131 3055 Si
145 2992 219 3054 sciat
233 2993 290 3054 hoc
305 2992 381 3068 vitis,
396 3002 550 3052 nascentes
564 2990 727 3077 supprimet
740 3009 830 3052 uvas:

140 3087 292 3171 Orbaque,
307 3089 331 3150 si
346 3088 419 3150 sciat
433 3088 500 3164 hoo,
516 3086 646 3149 Palladis
661 3087 746 3150 arbor
759 3088 823 3150 erit.

98 3183 168 3247 Hoc
182 3184 211 3246 in
226 3186 359 3247 notitiam
373 3185 471 3247 veniat
484 3185 621 3267 maloque
636 3184 774 3267 piroque3
874 3173 876 3181 γ

140 3280 313 3343 Destituent
327 3282 414 3344 silvas
429 3295 552 3362 utraque
568 3303 657 3363 poma
671 3302 749 3349 suas.
883 3273 887 3279 ’

98 3376 238 3459 Quaque
252 3378 306 3440 sibi
322 3378 402 3439 vario
417 3377 566 3457 distinguit
580 3399 669 3460 poma
682 3378 792 3452 colore,

139 3474 253 3538 Audiat
268 3475 325 3538 hoo
338 3494 475 3551 cerasus3
496 3474 587 3556 stipes
600 3473 692 3537 inanis
707 3473 771 3535 erit.
