2348 4102
532 371 640 422 LIBER
664 373 711 423 xl.

176 518 245 596 Ille,
261 540 382 610 perosus
396 540 480 604 epea,
495 520 582 582 silvas
597 534 628 583 et
642 541 709 588 rura
722 519 850 598 colebat,

133 615 280 699 Panaque
294 618 438 678 montanis
451 617 634 679 habitantem
648 637 767 700 semper
780 617 810 681 in
825 616 924 680 antris.

134 711 253 794 Pingue
268 713 321 774 sed
335 713 483 794 ingenium
498 715 619 775 mansit:
634 713 844 796 nocituraque,
859 726 893 776 ut
906 711 986 790 ante,
1049 775 1051 780 ,
1068 715 1112 777 60

134 808 252 870 Rursus
267 822 349 870 erant
363 809 482 871 domino
496 810 613 872 stolidae
628 809 788 892 praeoordia
801 809 918 871 mentis.

134 902 165 966 N
167 925 226 990 arn,
243 904 317 967 freta
332 906 524 987 prospiciens,
539 905 599 967 late
613 905 688 986 riget
701 904 809 966 arduus
824 905 885 967 alto

133 996 261 1063 Tmolus
275 1002 304 1063 in
319 1001 473 1078 adscensu,
488 1002 624 1086 clivoque
639 1013 779 1064 extentus
792 1015 929 1086 unoque,

134 1096 275 1164 sardibus
289 1098 369 1174 hinc,
384 1097 463 1159 illinc
478 1098 575 1180 parvis
588 1098 686 1160 finitur
700 1096 857 1181 Hypaepis.

134 1191 199 1255 Pan
214 1193 255 1254 ibi
270 1194 340 1255 dum
355 1194 462 1256 teneris
472 1193 565 1277 jactat
578 1215 633 1256 sua
645 1194 774 1256 carmina
789 1193 939 1279 nymphis,

134 1288 176 1351 Et
190 1290 258 1351 leve
274 1291 554 1353 cerati-modulatur
567 1292 709 1353 anmdine
723 1311 858 1369 carmem

133 1375 234 1445 Ausus
250 1384 424 1467 Apollineos
439 1405 498 1467 prae
512 1406 544 1446 se
559 1400 750 1448 contemnere
764 1400 879 1464 cantus,
913 1404 918 1414 ·
960 1437 963 1442 .

132 1479 240 1542 Judice
255 1482 310 1542 sub
324 1480 435 1542 Tmolo
448 1494 599 1543 certamen
614 1482 694 1544 venit
707 1482 746 1544 ad
760 1483 865 1564 impar.

174 1574 282 1638 Monte
298 1598 351 1637 suo
366 1576 462 1637 senior
472 1575 569 1659 judex
581 1577 734 1652 consedit;
756 1590 787 1638 et
800 1597 885 1639 aures

131 1671 253 1735 Liberat
269 1670 429 1733 arboribus.
474 1669 600 1744 Quemu
616 1691 705 1733 coma
718 1672 826 1734 caemla·
837 1672 952 1734 tantiun

131 1772 288 1854 Cingitur3
311 1786 341 1833 et
357 1770 488 1855 pendent
502 1771 612 1835 circum
627 1792 705 1843 cava,
714 1786 849 1855 tempore
863 1772 996 1855 glandes

130 1869 220 1953 Isque
235 1871 325 1932 deum
339 1869 453 1951 pecoris
464 1881 612 1953 spectans,
628 1869 689 1946 ,‘In
700 1870 822 1954 judice,'
839 1870 924 1949 dixit,

131 1965 243 2028 ‘Nulla
256 1986 338 2028 mora
353 1966 419 2026 cst.'
465 1964 598 2027 Calamis
612 1966 772 2046 agrestibus
786 1966 901 2029 insonat
914 1967 981 2029 ille:

128 2061 350 2144 Barbaricoque
365 2059 469 2123 Midan
487 2060 603 2146 (aderat
617 2083 685 2123 nam
701 2061 776 2124 sorte
790 2061 923 2147 canenti)

130 2156 272 2221 Carmine
288 2158 398 2219 delinit.
443 2157 517 2219 Post
527 2159 606 2220 hunc
619 2179 705 2221 sacer
720 2180 771 2221 ora
785 2159 901 2222 retorsit

129 2254 257 2316 Tmolus
272 2253 309 2315 ad
322 2275 360 2316 os
370 2253 497 2316 Phoebi:
521 2255 635 2316 vultum
649 2275 703 2316 sna
716 2255 790 2317 silva
804 2269 906 2320 secuta
920 2270 976 2319 est.

129 2351 184 2414 Ille
198 2364 289 2434 caput
303 2350 414 2411 flavum
425 2350 507 2410 lauro
521 2348 697 2410 Parnasside
712 2351 827 2413 vinctus

130 2447 230 2511 Verrit
244 2449 367 2509 humum
383 2443 479 2525 Tyrio
494 2443 624 2504 saturata
636 2445 748 2505 murice
763 2446 859 2526 palla:

128 2544 363 2625 Instructamque
377 2539 467 2602 fidem
482 2539 608 2620 gemmis
622 2552 653 2601 et
668 2539 805 2601 dentibus
820 2539 901 2602 Indis

127 2640 262 2704 Sustinet
277 2660 294 2700 a
308 2637 399 2699 laval:
422 2636 517 2698 tenuit
531 2656 635 2698 manus
650 2636 741 2699 altera
755 2637 912 2720 plectrum.

89 2752 102 2785 ⁴
127 2737 256 2799 Artificis
269 2748 362 2796 status
377 2734 440 2816 ipse
456 2732 520 2795 fuit.
555 2732 646 2795 Tum
660 2733 785 2796 stamina
800 2734 889 2797 docto

126 2830 242 2895 Pollice
257 2830 407 2893 sollicitat:
432 2847 556 2912 quorum
571 2829 727 2891 dulcedine
741 2843 847 2913 captus
941 2870 943 2874 -

126 2925 212 2990 Pana
222 2927 308 3011 jubet
321 2925 580 3010 Tmolus-cithare
595 2925 768 2986 submittere
781 2934 901 2986 cannas.

167 3023 320 3087 Judicium
333 3022 485 3103 sanctique
500 3021 599 3103 placet
613 3019 758 3081 sententia
771 3020 878 3090 montis
892 3068 894 3070 -
1005 3059 1008 3063 -
1026 3069 1028 3074 .

125 3121 285 3205 Omnibus.
306 3152 307 3155 ¹
329 3118 473 3200 Arguitur
487 3131 597 3194 tamen,
613 3129 703 3200 atque
716 3116 823 3202 injusta
838 3132 960 3183 vocatur

124 3216 223 3280 Unius
237 3236 372 3279 sermone
387 3213 489 3276 Mida.
522 3213 608 3276 Nec
616 3213 724 3276 Delius
738 3235 824 3278 aures

124 3303 430 3376 Humanamstolidas
444 3312 553 3393 patitur
566 3312 693 3373 retinere
703 3312 843 3393 figuram
873 3345 874 3350 ¹

123 3407 187 3471 Sed
201 3409 290 3470 trabit
303 3409 332 3469 in
347 3408 485 3490 spatium,
501 3406 636 3488 villisque
650 3407 815 3470 albentibus
829 3405 935 3488 implet
941 3427 954 3482 ς

122 3501 338 3587 instabilesque
353 3501 516 3580 imo·lacit;
538 3500 874 3586 et-daupossemovan.
