2348 4102
508 365 617 418 LIBER
640 366 687 418 XI.
764 359 766 363 ⁷

95 512 322 597 Innumerasque
338 513 452 575 herbae:
476 534 600 596 quarum
615 514 652 575 de
669 515 745 575 lacte
759 534 896 596 soporem

96 610 171 674 Nox
186 611 267 690 legit,
283 622 313 670 et
327 609 435 691 spargit
450 630 503 691 per
517 630 625 691 opacas
640 609 761 670 humida
776 622 875 670 terras.

95 705 117 767 J
119 727 207 782 anua,
223 726 286 787 qua
302 724 388 766 verso
403 705 556 767 stridorem
571 704 689 766 cardme
704 704 818 780 reddat,
1011 705 1074 766 245

96 799 387 875 Nulladomototi13
410 814 508 861 custos
523 800 552 860 in
566 799 666 860 limine
681 799 789 858 nullus.

95 897 143 958 At
157 896 255 957 medio
269 908 349 957 torus
366 908 421 970 est,
437 896 533 956 ebeno
548 895 678 956 sublimis
692 894 722 954 in
737 892 810 968 atri,

96 989 253 1065 Plumeus‚
268 991 409 1065 unicolor,
426 991 507 1071 pullo
523 989 667 1050 velamine
683 1002 796 1050 tectus:
869 1038 873 1048 .

96 1085 174 1157 Quo
187 1085 275 1147 cubat
289 1084 353 1166 ipse
369 1085 453 1160 deus,
468 1084 606 1146 membris
621 1083 767 1164 languore*
776 1083 888 1145 solutis.

96 1178 191 1241 Hunc
204 1180 281 1241 circa
296 1179 415 1261 passim,
431 1179 523 1240 varias
539 1179 683 1240 imitantia
696 1179 815 1254 formas,
1012 1180 1076 1241 250

96 1274 221 1336 Somnia
235 1295 309 1336 vana
320 1273 421 1357 jacent
435 1274 569 1350 totidem,
585 1287 656 1356 quot
671 1275 775 1336 messis
790 1274 902 1351 aristas,

96 1368 182 1430 Silva
196 1370 270 1450 gerit
284 1368 412 1444 frondes,
428 1369 538 1450 ejectas
552 1369 633 1430 littus
648 1391 762 1431 arenas.

141 1462 216 1534 Quo
229 1464 316 1525 simul
330 1463 458 1537 intravit,
472 1463 665 1543 manibusque
680 1464 826 1528 obstantia
840 1464 922 1544 virgo

95 1557 221 1620 Somnia
235 1558 374 1618 dirnovit:
398 1556 488 1616 vestis
502 1555 614 1634 fulgore
625 1556 734 1616 reluxit

96 1653 189 1716 Sacra
204 1647 327 1712 domus:
351 1648 493 1730 tardaque
509 1649 582 1710 deus
596 1638 739 1728 gravitate
750 1648 884 1732 jacentes
1013 1652 1076 1715 255

51 1738 57 1746 ’
96 1746 163 1808 Vix
177 1746 279 1808 oculos
294 1744 416 1819 tollens3
439 1743 603 1825 iterumque
618 1744 786 1827 iterumque
797 1745 941 1822 relabens,

96 1841 282 1922 Summaque
298 1840 465 1921 percutiens
479 1839 594 1901 nutanti
608 1853 729 1920 pectora
743 1854 854 1916 mento,
914 1890 915 1895 1

55 1976 56 1980 =
97 1935 241 1999 Excussit
255 1935 375 1998 tandem
389 1935 443 1997 sibi
458 1955 507 1994 se:
530 1934 689 2015 cubitoque
703 1927 828 2010 levatus,

96 2030 184 2104 Quid
200 2031 298 2092 veniat
315 2029 471 2114 (cognorat
485 2026 580 2111 enim)
597 2029 728 2091 scitatur.
772 2029 816 2090 At
831 2029 896 2092 ills:

97 2125 242 2200 ‘Somne,
258 2126 339 2207 quies
354 2144 462 2200 rerum,
477 2123 674 2206 placidissime
690 2124 802 2186 Somne
815 2125 951 2203 deomm,
1013 2126 1077 2189 060

96 2219 168 2282 Pax
183 2220 281 2294 animi,
298 2241 386 2301 quem
400 2240 471 2281 eura
484 2219 559 2300 sugit
567 2241 576 2296 ;
600 2220 649 2302 qui
663 2221 753 2282 corda
769 2221 877 2284 diurnis

97 2313 194 2378 Fessa
209 2315 373 2376 ministeriis
388 2316 511 2390 mulces,
525 2336 702 2397 reparasque
716 2317 826 2392 labori3

98 2409 231 2484 Somnia,
248 2431 311 2491 quae
328 2430 410 2490 veras
425 2423 541 2489 aequent
556 2409 716 2470 imitamine
731 2409 848 2485 formas,
894 2487 898 2490 ι

98 2503 252 2569 Herculea
265 2503 416 2565 Trachine
426 2502 510 2585 jube,
524 2503 579 2563 snb
594 2503 721 2582 imagine
736 2504 823 2582 regia·
1067 2555 1070 2559 .

98 2598 278 2680 Halcyonen
293 2598 410 2672 adeant,
427 2598 640 2679 simulacraque
654 2596 794 2679 naufiaga
808 2598 928 2680 fingent.
1007 2599 1075 2662 265

98 2694 230 2776 Imperat
245 2695 302 2755 hoc
316 2693 418 2754 Juno.’
464 2692 627 2776 Postquam
642 2683 780 2759 mandata
793 2695 915 2778 peregit

98 2789 163 2864 Iris
179 2790 255 2851 abit:
279 2810 376 2871 neque
391 2789 470 2850 enim
486 2789 606 2850 ulterius
620 2789 744 2850 tolerare
760 2790 884 2870 vaporis·

99 2883 172 2946 Vim
188 2897 312 2965 poterat.
358 2884 493 2965 Labique
508 2898 541 2945 ut
553 2897 689 2944 ‘somnum
705 2884 794 2944 sensit
808 2884 839 2944 in
853 2897 943 2960 artus,

98 2979 231 3059 Effingit3
254 2992 284 3040 et
298 2992 410 3040 remeat
425 2999 479 3059 per
494 2999 566 3059 quos
580 2976 670 3038 modo
685 2989 805 3038 venerat
820 2999 914 3040 arcusa

142 3077 185 3136 At
201 3088 284 3156 pater
299 3095 316 3134 e
332 3074 443 3156 populo
459 3087 592 3134 natorum
608 3072 690 3134 mille
704 3095 824 3136 suorum
959 3149 961 3151 ‚
1011 3078 1076 3142 070

99 3170 222 3232 Excitat
238 3171 389 3245 artificem,
404 3169 662 3252 simulatoremque
677 3170 784 3250 figuras,

99 3265 259 3348 Morphea.
307 3266 376 3328 Non
391 3264 440 3327 illo
451 3266 549 3349 jussos
563 3267 696 3329 solertius
711 3268 784 3333 alter
880 3343 881 3346 Ἴ

100 3361 251 3443 Exprimit
266 3364 407 3438 incessus,
424 3363 596 3444 vultumque
610 3384 776 3446 sonumque
789 3363 940 3446 loquendi.

101 3457 212 3543 Adjicit
228 3471 258 3518 et
274 3472 381 3534 vestes,
396 3471 426 3518 et
440 3458 663 3520 consuetissima
676 3459 783 3540 cuique

403 3558 441 3615 10
