2348 4102
80 303 124 364 20
391 308 738 360 unranonanosnon

82 452 184 519 Pleias
195 456 283 518 enixa
299 469 359 517 est:
382 456 501 537 letoque
516 458 576 531 det,
591 458 724 538 imperat,
740 457 865 536 Argum.

81 547 178 612 Parva
192 571 274 611 mora
288 564 344 625 est,
360 552 419 611 alas
435 552 570 631 pedibuS,
586 552 756 632 virgamque
771 553 885 633 potenti
992 557 1062 620 550

81 644 276 707 Somniseram
291 647 448 726 sumpsisse
463 668 561 721 manu,
577 648 765 727 tegimenque
779 648 902 728 capillis.

81 736 156 801 Hac
170 741 220 801 ubi
235 742 387 822 disposuit,
404 741 498 822 patria
511 740 589 803 Jove
604 756 690 802 natus
705 742 742 803 ab
757 764 825 803 arce

81 832 190 896 Desilit
204 835 234 896 in
249 848 349 896 terras.
394 835 458 896 Illic
472 838 661 918 tegimenque
677 837 811 910 removit,

81 927 123 991 Et
137 931 234 1012 posuit
249 952 377 1013 pennas:
401 933 605 993 tantummodo
621 933 701 1011 virga
716 946 829 992 retenta
843 944 898 993 est.

80 1022 150 1087 Hac
165 1026 234 1106 agit,
249 1040 282 1086 ut
297 1040 405 1106 pastor,
421 1047 474 1106 per
489 1027 576 1086 devia
590 1047 656 1086 rura
669 1027 811 1107 capellas
992 1031 1058 1091 555

81 1118 165 1181 Dum
181 1121 271 1196 venit,
287 1122 444 1181 abductas:
468 1135 498 1181 et
513 1121 629 1181 structis
643 1135 742 1182 cantat
757 1123 868 1184 avenis.

125 1213 210 1276 Voce
225 1215 304 1276 nord
317 1230 422 1297 captus
436 1230 534 1278 custos
549 1215 704 1292 Junonius‚
720 1218 784 1278 ‘At
798 1233 841 1293 tu,

81 1307 245 1391 ‘Quisquis
260 1331 303 1385 es,
318 1311 375 1371 hoc
390 1324 507 1391 poteras
522 1333 640 1372 mecum
655 1313 807 1373 considere
823 1313 916 1388 sax0,’

81 1403 180 1484 Argus
196 1404 252 1465 ait:
276 1394 393 1486 ‘neque
409 1407 488 1467 enim
502 1407 603 1488 pecori
618 1407 781 1469 soecnndior
794 1409 854 1468 ullo

81 1497 184 1560 Herba
197 1500 264 1560 loco
279 1513 340 1561 est:
364 1514 522 1583 aptamque
538 1503 620 1563 vides
636 1503 797 1583 pastoribus
812 1502 967 1563 umbram!

33 1594 50 1643 -”
81 1593 165 1656 Sedit
179 1595 375 1671 Atlantiades,
390 1611 421 1658 et
441 1611 560 1659 euntem
575 1599 667 1659 multa
681 1599 828 1679 loquendo
991 1599 1052 1659 561

81 1687 217 1751 Detinuit
231 1713 367 1752 sermone
383 1693 478 1752 diem:
497 1693 666 1774 junctisque
681 1693 815 1753 canendo

82 1781 211 1845 Vincere
227 1785 414 1845 arundinibus
429 1787 574 1846 servantia
588 1787 699 1846 lumina
712 1799 822 1847 tentat:

80 1876 135 1939 llle
149 1891 248 1940 tamen
263 1892 374 1960 pugnat
388 1881 492 1941 molles
507 1880 643 1942 evincere
656 1902 790 1943 somnos:
850 1890 854 1895 “

80 1973 133 2050 Et,
148 1975 281 2057 quamvis
296 1997 384 2058 sopor
398 1991 443 2039 est
457 1979 608 2039 oculorum
624 1991 707 2060 parte
721 1991 876 2059 receptns;
984 1979 1057 2044 ,565

16 2152 20 2163 Ι
81 2069 171 2131 Parte
186 2084 284 2132 tamen
300 2072 410 2151 vigilat.
455 2071 569 2143 Quaerit
585 2093 712 2153 quoque,
730 2072 873 2155 (namque
888 2085 1008 2153 reperta

81 2163 197 2226 Fistula
210 2186 306 2246 nuper
321 2164 398 2248 erat)
415 2166 475 2246 qua
489 2167 525 2226 sit
539 2166 650 2225 ratione
665 2178 791 2245 reperta.

82 2259 167 2321 Talia
183 2259 310 2321 dicturus
326 2259 398 2320 vidit
414 2258 569 2340 Cyllenius
583 2280 685 2320 omnes

82 2355 279 2417 Succubuisse
293 2356 405 2430 oculos,
421 2354 622 2436 adopertaque
637 2356 747 2417 lumina
768 2377 882 2418 somno.

82 2450 245 2532 Supprimit
259 2452 413 2534 extemplo
427 2472 549 2512 vocem:
572 2452 726 2534 firmatque
741 2440 888 2534 soporem,
992 2454 1057 2515 570

82 2546 238 2628 Languida
251 2549 437 2630 permulcens
452 2548 600 2609 medicata
613 2549 723 2609 lumina
738 2547 830 2626 virgo.

83 2640 150 2704 Nec
165 2663 262 2704 mora:
285 2642 392 2703 falcato
406 2655 559 2703 nutantem
575 2643 708 2703 vulnerat
724 2662 804 2716 ense,

83 2736 157 2810 Qud
170 2738 247 2798 collo
261 2738 375 2798 confine
389 2749 496 2817 eaput:
519 2756 652 2818 saxoque
666 2749 821 2798 cruentum

83 2830 212 2916 Dejicit;
234 2846 264 2894 et
279 2833 406 2893 maculat
422 2844 597 2913 preruptam
611 2831 751 2912 sanguine
765 2845 893 2894 cantem.

81 2929 175 3010 Arge,
187 2928 285 3012 jaces:
309 2929 447 3012 quodque
463 2929 492 2989 in
507 2942 550 2990 tot
564 2928 675 2991 lumina
688 2929 788 2989 lumen
803 2927 932 2990 habebas
992 2931 1056 2992 575

84 3022 272 3087 Exstinctum
288 3039 349 3086 est:
372 3040 552 3107 centumque
567 3026 667 3088 oculos
682 3046 744 3087 nox
758 3039 885 3109 occupat
899 3047 968 3087 una.

84 3119 206 3200 Excipit
220 3120 284 3194 hos,
300 3120 485 3201 volucrisque
500 3140 558 3180 suae
574 3121 710 3181 Saturnia
724 3123 828 3201 pennis

84 3213 240 3293 Colloeat;
270 3228 300 3275 et
314 3210 437 3295 gemmis
451 3213 577 3275 caudam
592 3214 774 3275 stellantibus
790 3216 903 3296 implet.

126 3311 264 3372 Protinus
279 3310 398 3385 exarsit,
413 3330 470 3371 nec
485 3321 621 3391 tempora
635 3309 746 3371 distulit
761 3310 819 3386 ira,

85 3405 325 3491 Honr'leramque
339 3405 431 3469 oculis
447 3404 603 3490 animoque
617 3405 725 3491 objecit
740 3404 876 3491 Erinnyn
993 3409 1058 3471 δῶ
