<?xml version="1.0" encoding="UTF-8"?>
<!DOCTYPE html PUBLIC "-//W3C//DTD XHTML 1.0 Transitional//EN"
    "http://www.w3.org/TR/xhtml1/DTD/xhtml1-transitional.dtd">
<html xmlns="http://www.w3.org/1999/xhtml" xml:lang="en" lang="en">
 <head>
  <title>
</title>
<meta http-equiv="Content-Type" content="text/html;charset=utf-8" />
  <meta name='ocr-system' content='tesseract 3.04.00' />
  <meta name='ocr-capabilities' content='ocr_page ocr_carea ocr_par ocr_line ocrx_word'/>
</head>
<body>
  <div class='ocr_page' id='page_1' title='image "./excerptaexscrip00goulgoog_0139.png"; bbox 0 0 2348 4102; ppageno 0'>
   <div class='ocr_carea' id='block_1_1' title="bbox 109 358 763 420">
    <p class='ocr_par' dir='ltr' id='par_1_1' title="bbox 109 358 763 420">
     <span class='ocr_line' id='line_1_1' title="bbox 109 358 763 420; baseline -0.006 -2"><span class='ocrx_word' id='word_1_1' title='bbox 109 358 170 420; x_wconf 68' lang='lat'><strong>126</strong></span> <span class='ocrx_word' id='word_1_2' title='bbox 417 362 763 416; x_wconf 75' lang='lat' dir='ltr'><strong>Munauonruoanon</strong></span> 
     </span>
    </p>
   </div>
   <div class='ocr_carea' id='block_1_2' title="bbox 75 512 1073 2988">
    <p class='ocr_par' dir='ltr' id='par_1_2' title="bbox 75 512 1073 2988">
     <span class='ocr_line' id='line_1_2' title="bbox 104 512 790 595; baseline -0.003 -20"><span class='ocrx_word' id='word_1_3' title='bbox 104 512 152 575; x_wconf 90' lang='lat' dir='ltr'><strong>Ire</strong></span> <span class='ocrx_word' id='word_1_4' title='bbox 167 534 221 595; x_wconf 91' lang='lat' dir='ltr'><strong>per</strong></span> <span class='ocrx_word' id='word_1_5' title='bbox 235 514 385 590; x_wconf 82' lang='lat' dir='ltr'><strong>excubias,</strong></span> <span class='ocrx_word' id='word_1_6' title='bbox 400 527 430 575; x_wconf 91' lang='lat' dir='ltr'><strong>et</strong></span> <span class='ocrx_word' id='word_1_7' title='bbox 445 535 477 575; x_wconf 92' lang='lat' dir='ltr'><strong>se</strong></span> <span class='ocrx_word' id='word_1_8' title='bbox 491 514 676 575; x_wconf 83' lang='lat' dir='ltr'><strong>committere</strong></span> <span class='ocrx_word' id='word_1_9' title='bbox 691 513 790 574; x_wconf 83' lang='lat' dir='ltr'><strong>nocti?</strong></span> 
     </span>
     <span class='ocr_line' id='line_1_3' title="bbox 104 607 893 690; baseline -0.003 -20"><span class='ocrx_word' id='word_1_10' title='bbox 104 607 223 690; x_wconf 85' lang='lat' dir='ltr'><strong>Perque</strong></span> <span class='ocrx_word' id='word_1_11' title='bbox 239 608 314 670; x_wconf 89' lang='lat' dir='ltr'><strong>seros</strong></span> <span class='ocrx_word' id='word_1_12' title='bbox 328 629 424 684; x_wconf 87' lang='lat' dir='ltr'><strong>enses,</strong></span> <span class='ocrx_word' id='word_1_13' title='bbox 439 630 497 670; x_wconf 93' lang='lat' dir='ltr'><strong>non</strong></span> <span class='ocrx_word' id='word_1_14' title='bbox 513 610 627 670; x_wconf 77' lang='lat' dir='ltr'><strong>tautum</strong></span> <span class='ocrx_word' id='word_1_15' title='bbox 642 608 753 670; x_wconf 88' lang='lat' dir='ltr'><strong>moenia</strong></span> <span class='ocrx_word' id='word_1_16' title='bbox 766 607 893 682; x_wconf 86' lang='lat' dir='ltr'><strong>Troum,</strong></span> 
     </span>
     <span class='ocr_line' id='line_1_4' title="bbox 105 702 820 785; baseline 0.003 -24"><span class='ocrx_word' id='word_1_17' title='bbox 105 702 220 765; x_wconf 83' lang='lat' dir='ltr'><strong>Verbm</strong></span> <span class='ocrx_word' id='word_1_18' title='bbox 234 706 322 766; x_wconf 90' lang='lat' dir='ltr'><strong>etiarn</strong></span> <span class='ocrx_word' id='word_1_19' title='bbox 337 724 465 765; x_wconf 84' lang='lat' dir='ltr'><strong>summas</strong></span> <span class='ocrx_word' id='word_1_20' title='bbox 481 725 562 766; x_wconf 85' lang='lat' dir='ltr'><strong>arces</strong></span> <span class='ocrx_word' id='word_1_21' title='bbox 578 705 693 779; x_wconf 91' lang='lat' dir='ltr'><strong>intrare,</strong></span> <span class='ocrx_word' id='word_1_22' title='bbox 708 704 820 785; x_wconf 74' lang='lat' dir='ltr'><strong>subque</strong></span> 
     </span>
     <span class='ocr_line' id='line_1_5' title="bbox 104 798 1073 883; baseline 0.002 -22"><span class='ocrx_word' id='word_1_23' title='bbox 104 798 229 881; x_wconf 83' lang='lat' dir='ltr'><strong>Eripere</strong></span> <span class='ocrx_word' id='word_1_24' title='bbox 244 800 306 863; x_wconf 81' lang='lat' dir='ltr'><strong>ade</strong></span> <span class='ocrx_word' id='word_1_25' title='bbox 321 801 419 877; x_wconf 91' lang='lat' dir='ltr'><strong>deam,</strong></span> <span class='ocrx_word' id='word_1_26' title='bbox 433 814 605 883; x_wconf 83' lang='lat' dir='ltr'><strong>raptamque</strong></span> <span class='ocrx_word' id='word_1_27' title='bbox 621 800 724 860; x_wconf 84' lang='lat' dir='ltr'><strong>efferre</strong></span> <span class='ocrx_word' id='word_1_28' title='bbox 739 820 793 880; x_wconf 91' lang='lat' dir='ltr'><strong>per</strong></span> <span class='ocrx_word' id='word_1_29' title='bbox 806 798 927 860; x_wconf 84' lang='lat' dir='ltr'><strong>hostes?</strong></span> <span class='ocrx_word' id='word_1_30' title='bbox 1014 803 1073 863; x_wconf 85' lang='grc'><strong>345</strong></span> 
     </span>
     <span class='ocr_line' id='line_1_6' title="bbox 104 894 834 984; baseline 0 -29"><span class='ocrx_word' id='word_1_31' title='bbox 104 894 182 968; x_wconf 81' lang='lat' dir='ltr'><strong>Quae</strong></span> <span class='ocrx_word' id='word_1_32' title='bbox 197 896 251 984; x_wconf 82' lang='lat' dir='ltr'><strong>nisi</strong></span> <span class='ocrx_word' id='word_1_33' title='bbox 263 896 408 974; x_wconf 79' lang='lat' dir='ltr'><strong>fecissem,</strong></span> <span class='ocrx_word' id='word_1_34' title='bbox 423 896 526 959; x_wconf 74' lang='lat' dir='ltr'><strong>lirrstra</strong></span> <span class='ocrx_word' id='word_1_35' title='bbox 539 897 705 957; x_wconf 87' lang='lat' dir='ltr'><strong>Telamone</strong></span> <span class='ocrx_word' id='word_1_36' title='bbox 719 908 834 957; x_wconf 85' lang='lat' dir='ltr'><strong>oreatus</strong></span> 
     </span>
     <span class='ocr_line' id='line_1_7' title="bbox 103 989 773 1072; baseline -0.003 -20"><span class='ocrx_word' id='word_1_37' title='bbox 103 989 258 1054; x_wconf 76' lang='lat' dir='ltr'><strong>Gesttsset</strong></span> <span class='ocrx_word' id='word_1_38' title='bbox 273 992 347 1054; x_wconf 71' lang='lat' dir='ltr'><strong>laeva</strong></span> <span class='ocrx_word' id='word_1_39' title='bbox 357 1006 505 1053; x_wconf 88' lang='lat' dir='ltr'><strong>taurorum</strong></span> <span class='ocrx_word' id='word_1_40' title='bbox 519 1006 633 1071; x_wconf 86' lang='lat' dir='ltr'><strong>tergora</strong></span> <span class='ocrx_word' id='word_1_41' title='bbox 646 1004 773 1072; x_wconf 91' lang='lat' dir='ltr'><strong>septem.</strong></span> 
     </span>
     <span class='ocr_line' id='line_1_8' title="bbox 103 1085 765 1171; baseline 0.003 -24"><span class='ocrx_word' id='word_1_42' title='bbox 103 1085 159 1148; x_wconf 79' lang='lat' dir='ltr'><strong>Illa</strong></span> <span class='ocrx_word' id='word_1_43' title='bbox 173 1102 259 1149; x_wconf 86' lang='lat' dir='ltr'><strong>nocte</strong></span> <span class='ocrx_word' id='word_1_44' title='bbox 274 1088 346 1148; x_wconf 93' lang='lat' dir='ltr'><strong>mihi</strong></span> <span class='ocrx_word' id='word_1_45' title='bbox 361 1087 458 1171; x_wconf 86' lang='lat' dir='ltr'><strong>Trojae</strong></span> <span class='ocrx_word' id='word_1_46' title='bbox 475 1087 592 1148; x_wconf 86' lang='lat' dir='ltr'><strong>victoria</strong></span> <span class='ocrx_word' id='word_1_47' title='bbox 608 1099 691 1167; x_wconf 90' lang='lat' dir='ltr'><strong>parta</strong></span> <span class='ocrx_word' id='word_1_48' title='bbox 704 1099 765 1149; x_wconf 87' lang='lat' dir='ltr'><strong>est:</strong></span> 
     </span>
     <span class='ocr_line' id='line_1_9' title="bbox 102 1180 796 1263; baseline -0.001 -21"><span class='ocrx_word' id='word_1_49' title='bbox 102 1180 250 1262; x_wconf 89' lang='lat' dir='ltr'><strong>Pergama</strong></span> <span class='ocrx_word' id='word_1_50' title='bbox 265 1195 327 1244; x_wconf 93' lang='lat' dir='ltr'><strong>tum</strong></span> <span class='ocrx_word' id='word_1_51' title='bbox 344 1183 410 1258; x_wconf 83' lang='lat' dir='ltr'><strong>vici,</strong></span> <span class='ocrx_word' id='word_1_52' title='bbox 425 1183 495 1244; x_wconf 80' lang='lat' dir='ltr'><strong>otim</strong></span> <span class='ocrx_word' id='word_1_53' title='bbox 509 1181 586 1243; x_wconf 86' lang='lat' dir='ltr'><strong>vinci</strong></span> <span class='ocrx_word' id='word_1_54' title='bbox 602 1202 688 1263; x_wconf 89' lang='lat' dir='ltr'><strong>posse</strong></span> <span class='ocrx_word' id='word_1_55' title='bbox 699 1180 796 1262; x_wconf 81' lang='lat' dir='ltr'><strong>ooe‘gi.</strong></span> 
     </span>
     <span class='ocr_line' id='line_1_10' title="bbox 146 1276 1067 1359; baseline 0.002 -22"><span class='ocrx_word' id='word_1_56' title='bbox 146 1276 258 1337; x_wconf 87' lang='lat' dir='ltr'><strong>Desine</strong></span> <span class='ocrx_word' id='word_1_57' title='bbox 273 1277 412 1358; x_wconf 87' lang='lat' dir='ltr'><strong>Tydiden</strong></span> <span class='ocrx_word' id='word_1_58' title='bbox 429 1279 570 1359; x_wconf 89' lang='lat' dir='ltr'><strong>vultuque</strong></span> <span class='ocrx_word' id='word_1_59' title='bbox 585 1291 614 1337; x_wconf 91' lang='lat' dir='ltr'><strong>et</strong></span> <span class='ocrx_word' id='word_1_60' title='bbox 629 1297 777 1337; x_wconf 89' lang='lat' dir='ltr'><strong>murmure</strong></span> <span class='ocrx_word' id='word_1_61' title='bbox 799 1277 883 1338; x_wconf 90' lang='lat' dir='ltr'><strong>nobis</strong></span> <span class='ocrx_word' id='word_1_62' title='bbox 1011 1279 1067 1339; x_wconf 82' lang='lat'><strong>350</strong></span> 
     </span>
     <span class='ocr_line' id='line_1_11' title="bbox 102 1370 841 1454; baseline 0 -22"><span class='ocrx_word' id='word_1_63' title='bbox 102 1370 261 1434; x_wconf 89' lang='lat' dir='ltr'><strong>Ostentare</strong></span> <span class='ocrx_word' id='word_1_64' title='bbox 275 1393 392 1434; x_wconf 90' lang='lat' dir='ltr'><strong>meum:</strong></span> <span class='ocrx_word' id='word_1_65' title='bbox 416 1392 482 1454; x_wconf 89' lang='lat' dir='ltr'><strong>pars</strong></span> <span class='ocrx_word' id='word_1_66' title='bbox 497 1386 542 1433; x_wconf 90' lang='lat' dir='ltr'><strong>est</strong></span> <span class='ocrx_word' id='word_1_67' title='bbox 556 1393 609 1432; x_wconf 87' lang='lat' dir='ltr'><strong>sua</strong></span> <span class='ocrx_word' id='word_1_68' title='bbox 623 1371 715 1433; x_wconf 88' lang='lat' dir='ltr'><strong>laudis</strong></span> <span class='ocrx_word' id='word_1_69' title='bbox 731 1373 759 1434; x_wconf 93' lang='lat' dir='ltr'><strong>in</strong></span> <span class='ocrx_word' id='word_1_70' title='bbox 774 1373 841 1433; x_wconf 91' lang='lat' dir='ltr'><strong>illis.</strong></span> 
     </span>
     <span class='ocr_line' id='line_1_12' title="bbox 102 1456 882 1550; baseline 0 -21"><span class='ocrx_word' id='word_1_71' title='bbox 102 1466 133 1529; x_wconf 91' lang='lat' dir='ltr'><strong>N</strong></span> <span class='ocrx_word' id='word_1_72' title='bbox 135 1488 170 1529; x_wconf 87' lang='lat' dir='ltr'><strong>ee</strong></span> <span class='ocrx_word' id='word_1_73' title='bbox 185 1480 227 1543; x_wconf 90' lang='lat' dir='ltr'><strong>tu,</strong></span> <span class='ocrx_word' id='word_1_74' title='bbox 241 1468 310 1529; x_wconf 85' lang='lat' dir='ltr'><strong>cinn</strong></span> <span class='ocrx_word' id='word_1_75' title='bbox 325 1467 406 1529; x_wconf 72' lang='lat' dir='ltr'><strong>socia</strong></span> <span class='ocrx_word' id='word_1_76' title='bbox 418 1456 559 1550; x_wconf 88' lang='lat' dir='ltr'><strong>clypeum</strong></span> <span class='ocrx_word' id='word_1_77' title='bbox 574 1489 627 1550; x_wconf 89' lang='lat' dir='ltr'><strong>pro</strong></span> <span class='ocrx_word' id='word_1_78' title='bbox 641 1469 734 1530; x_wconf 88' lang='lat' dir='ltr'><strong>classe</strong></span> <span class='ocrx_word' id='word_1_79' title='bbox 749 1469 882 1542; x_wconf 87' lang='lat' dir='ltr'><strong>tenebas,</strong></span> 
     </span>
     <span class='ocr_line' id='line_1_13' title="bbox 103 1563 909 1645; baseline -0.002 -19"><span class='ocrx_word' id='word_1_80' title='bbox 103 1563 190 1626; x_wconf 87' lang='lat' dir='ltr'><strong>Solus</strong></span> <span class='ocrx_word' id='word_1_81' title='bbox 205 1585 285 1627; x_wconf 83' lang='lat' dir='ltr'><strong>eras:</strong></span> <span class='ocrx_word' id='word_1_82' title='bbox 308 1564 360 1627; x_wconf 91' lang='lat' dir='ltr'><strong>tibi</strong></span> <span class='ocrx_word' id='word_1_83' title='bbox 375 1566 461 1626; x_wconf 89' lang='lat' dir='ltr'><strong>turba</strong></span> <span class='ocrx_word' id='word_1_84' title='bbox 473 1586 585 1644; x_wconf 76' lang='lat' dir='ltr'><strong>eomeS,</strong></span> <span class='ocrx_word' id='word_1_85' title='bbox 600 1564 671 1626; x_wconf 91' lang='lat' dir='ltr'><strong>mihi</strong></span> <span class='ocrx_word' id='word_1_86' title='bbox 686 1564 807 1645; x_wconf 84' lang='lat' dir='ltr'><strong>contigit</strong></span> <span class='ocrx_word' id='word_1_87' title='bbox 821 1579 909 1626; x_wconf 80' lang='lat' dir='ltr'><strong>unus.</strong></span> 
     </span>
     <span class='ocr_line' id='line_1_14' title="bbox 102 1659 831 1743; baseline -0.001 -22"><span class='ocrx_word' id='word_1_88' title='bbox 102 1659 177 1737; x_wconf 84' lang='lat' dir='ltr'><strong>Qui,</strong></span> <span class='ocrx_word' id='word_1_89' title='bbox 192 1661 246 1722; x_wconf 92' lang='lat' dir='ltr'><strong>nisi</strong></span> <span class='ocrx_word' id='word_1_90' title='bbox 260 1683 426 1743; x_wconf 82' lang='lat' dir='ltr'><strong>pugnacem</strong></span> <span class='ocrx_word' id='word_1_91' title='bbox 441 1661 527 1723; x_wconf 85' lang='lat' dir='ltr'><strong>sciret</strong></span> <span class='ocrx_word' id='word_1_92' title='bbox 541 1662 674 1743; x_wconf 86' lang='lat' dir='ltr'><strong>sapiente</strong></span> <span class='ocrx_word' id='word_1_93' title='bbox 689 1660 831 1721; x_wconf 90' lang='lat' dir='ltr'><strong>minorem</strong></span> 
     </span>
     <span class='ocr_line' id='line_1_15' title="bbox 102 1754 1065 1838; baseline 0.003 -23"><span class='ocrx_word' id='word_1_94' title='bbox 102 1754 189 1831; x_wconf 91' lang='lat' dir='ltr'><strong>Esse,</strong></span> <span class='ocrx_word' id='word_1_95' title='bbox 203 1777 259 1817; x_wconf 87' lang='lat' dir='ltr'><strong>nec</strong></span> <span class='ocrx_word' id='word_1_96' title='bbox 274 1757 420 1817; x_wconf 78' lang='lat' dir='ltr'><strong>indomite</strong></span> <span class='ocrx_word' id='word_1_97' title='bbox 436 1756 535 1817; x_wconf 90' lang='lat' dir='ltr'><strong>deberi</strong></span> <span class='ocrx_word' id='word_1_98' title='bbox 550 1756 668 1838; x_wconf 87' lang='lat' dir='ltr'><strong>praemia</strong></span> <span class='ocrx_word' id='word_1_99' title='bbox 683 1756 803 1830; x_wconf 82' lang='lat' dir='ltr'><strong>dextrae,</strong></span> <span class='ocrx_word' id='word_1_100' title='bbox 1009 1758 1065 1818; x_wconf 83' lang='lat'><strong>355</strong></span> 
     </span>
     <span class='ocr_line' id='line_1_16' title="bbox 101 1849 963 1935; baseline 0.002 -23"><span class='ocrx_word' id='word_1_101' title='bbox 101 1849 171 1932; x_wconf 92' lang='lat' dir='ltr'><strong>lpse</strong></span> <span class='ocrx_word' id='word_1_102' title='bbox 187 1872 303 1935; x_wconf 87' lang='lat' dir='ltr'><strong>quoque</strong></span> <span class='ocrx_word' id='word_1_103' title='bbox 318 1852 381 1914; x_wconf 82' lang='lat' dir='ltr'><strong>hac</strong></span> <span class='ocrx_word' id='word_1_104' title='bbox 396 1865 526 1934; x_wconf 90' lang='lat' dir='ltr'><strong>peteret:</strong></span> <span class='ocrx_word' id='word_1_105' title='bbox 550 1864 665 1933; x_wconf 87' lang='lat' dir='ltr'><strong>peteret</strong></span> <span class='ocrx_word' id='word_1_106' title='bbox 679 1849 856 1912; x_wconf 88' lang='lat' dir='ltr'><strong>moderatior</strong></span> <span class='ocrx_word' id='word_1_107' title='bbox 870 1851 963 1935; x_wconf 84' lang='lat' dir='ltr'><strong>Ajax,</strong></span> 
     </span>
     <span class='ocr_line' id='line_1_17' title="bbox 75 1945 918 2031; baseline 0.001 -23"><span class='ocrx_word' id='word_1_108' title='bbox 75 2002 77 2008; x_wconf 93' lang='lat'><em>.</em></span> <span class='ocrx_word' id='word_1_109' title='bbox 101 1945 332 2031; x_wconf 88' lang='lat' dir='ltr'><strong>Eurypylusque</strong></span> <span class='ocrx_word' id='word_1_110' title='bbox 347 1947 442 2025; x_wconf 83' lang='lat' dir='ltr'><strong>ferox,</strong></span> <span class='ocrx_word' id='word_1_111' title='bbox 456 1950 593 2030; x_wconf 88' lang='lat' dir='ltr'><strong>claroque</strong></span> <span class='ocrx_word' id='word_1_112' title='bbox 608 1948 800 2008; x_wconf 88' lang='lat' dir='ltr'><strong>Andremone</strong></span> <span class='ocrx_word' id='word_1_113' title='bbox 815 1961 918 2009; x_wconf 90' lang='lat' dir='ltr'><strong>natus:</strong></span> 
     </span>
     <span class='ocr_line' id='line_1_18' title="bbox 101 2041 900 2127; baseline 0 -23"><span class='ocrx_word' id='word_1_114' title='bbox 101 2041 168 2105; x_wconf 88' lang='lat' dir='ltr'><strong>Neo</strong></span> <span class='ocrx_word' id='word_1_115' title='bbox 182 2045 278 2106; x_wconf 86' lang='lat' dir='ltr'><strong>mimis</strong></span> <span class='ocrx_word' id='word_1_116' title='bbox 292 2044 480 2121; x_wconf 78' lang='lat' dir='ltr'><strong>idomeneus,</strong></span> <span class='ocrx_word' id='word_1_117' title='bbox 495 2045 645 2127; x_wconf 72' lang='lat' dir='ltr'><strong>patriique</strong></span> <span class='ocrx_word' id='word_1_118' title='bbox 660 2056 775 2106; x_wconf 89' lang='lat' dir='ltr'><strong>oreatus</strong></span> <span class='ocrx_word' id='word_1_119' title='bbox 795 2042 900 2104; x_wconf 70' lang='lat' dir='ltr'><strong>eidem</strong></span> 
     </span>
     <span class='ocr_line' id='line_1_19' title="bbox 100 2137 770 2222; baseline 0 -23"><span class='ocrx_word' id='word_1_120' title='bbox 100 2137 267 2201; x_wconf 88' lang='lat' dir='ltr'><strong>Meriones:</strong></span> <span class='ocrx_word' id='word_1_121' title='bbox 291 2154 405 2222; x_wconf 91' lang='lat' dir='ltr'><strong>peteret</strong></span> <span class='ocrx_word' id='word_1_122' title='bbox 418 2141 534 2222; x_wconf 90' lang='lat' dir='ltr'><strong>majoris</strong></span> <span class='ocrx_word' id='word_1_123' title='bbox 549 2139 636 2200; x_wconf 85' lang='lat' dir='ltr'><strong>frater</strong></span> <span class='ocrx_word' id='word_1_124' title='bbox 648 2140 770 2200; x_wconf 85' lang='lat' dir='ltr'><strong>Atridae.</strong></span> 
     </span>
     <span class='ocr_line' id='line_1_20' title="bbox 100 2226 1065 2320; baseline 0.004 -26"><span class='ocrx_word' id='word_1_125' title='bbox 100 2233 225 2315; x_wconf 86' lang='lat' dir='ltr'><strong>Quippe</strong></span> <span class='ocrx_word' id='word_1_126' title='bbox 240 2255 329 2294; x_wconf 91' lang='lat' dir='ltr'><strong>manu</strong></span> <span class='ocrx_word' id='word_1_127' title='bbox 345 2233 432 2295; x_wconf 86' lang='lat' dir='ltr'><strong>sortes</strong></span> <span class='ocrx_word' id='word_1_128' title='bbox 449 2233 520 2319; x_wconf 86' lang='lat' dir='ltr'><strong>(nee</strong></span> <span class='ocrx_word' id='word_1_129' title='bbox 535 2226 602 2294; x_wconf 85' lang='lat' dir='ltr'><strong>sunt</strong></span> <span class='ocrx_word' id='word_1_130' title='bbox 616 2235 667 2295; x_wconf 92' lang='lat' dir='ltr'><strong>tibi</strong></span> <span class='ocrx_word' id='word_1_131' title='bbox 683 2233 781 2309; x_wconf 87' lang='lat' dir='ltr'><strong>Marte</strong></span> <span class='ocrx_word' id='word_1_132' title='bbox 803 2234 942 2320; x_wconf 84' lang='lat' dir='ltr'><strong>secundi)</strong></span> <span class='ocrx_word' id='word_1_133' title='bbox 1007 2237 1065 2298; x_wconf 83' lang='lat'><strong>360</strong></span> 
     </span>
     <span class='ocr_line' id='line_1_21' title="bbox 100 2328 814 2393; baseline 0.003 -3"><span class='ocrx_word' id='word_1_134' title='bbox 100 2328 238 2390; x_wconf 89' lang='lat' dir='ltr'><strong>Consiliis</strong></span> <span class='ocrx_word' id='word_1_135' title='bbox 252 2329 368 2392; x_wconf 66' lang='lat' dir='ltr'><strong>cessere</strong></span> <span class='ocrx_word' id='word_1_136' title='bbox 382 2330 467 2392; x_wconf 87' lang='lat' dir='ltr'><strong>meis.</strong></span> <span class='ocrx_word' id='word_1_137' title='bbox 511 2330 581 2392; x_wconf 91' lang='lat' dir='ltr'><strong>Tibi</strong></span> <span class='ocrx_word' id='word_1_138' title='bbox 598 2331 720 2393; x_wconf 85' lang='lat' dir='ltr'><strong>dextera</strong></span> <span class='ocrx_word' id='word_1_139' title='bbox 734 2331 814 2393; x_wconf 91' lang='lat' dir='ltr'><strong>bello</strong></span> 
     </span>
     <span class='ocr_line' id='line_1_22' title="bbox 99 2424 954 2511; baseline 0.001 -24"><span class='ocrx_word' id='word_1_140' title='bbox 99 2424 206 2503; x_wconf 84' lang='lat' dir='ltr'><strong>Utilis3</strong></span> <span class='ocrx_word' id='word_1_141' title='bbox 228 2427 376 2508; x_wconf 84' lang='lat' dir='ltr'><strong>ingenium</strong></span> <span class='ocrx_word' id='word_1_142' title='bbox 392 2442 447 2504; x_wconf 89' lang='lat' dir='ltr'><strong>est,</strong></span> <span class='ocrx_word' id='word_1_143' title='bbox 463 2427 541 2511; x_wconf 91' lang='lat' dir='ltr'><strong>quod</strong></span> <span class='ocrx_word' id='word_1_144' title='bbox 557 2441 625 2508; x_wconf 90' lang='lat' dir='ltr'><strong>eget</strong></span> <span class='ocrx_word' id='word_1_145' title='bbox 640 2427 839 2489; x_wconf 88' lang='lat' dir='ltr'><strong>moderamine</strong></span> <span class='ocrx_word' id='word_1_146' title='bbox 854 2429 954 2490; x_wconf 88' lang='lat' dir='ltr'><strong>nostri.</strong></span> 
     </span>
     <span class='ocr_line' id='line_1_23' title="bbox 98 2522 887 2606; baseline 0 -21"><span class='ocrx_word' id='word_1_147' title='bbox 98 2522 149 2585; x_wconf 91' lang='lat' dir='ltr'><strong>Tu</strong></span> <span class='ocrx_word' id='word_1_148' title='bbox 165 2524 241 2585; x_wconf 86' lang='lat' dir='ltr'><strong>vires</strong></span> <span class='ocrx_word' id='word_1_149' title='bbox 256 2525 431 2586; x_wconf 74' lang='lat' dir='ltr'><strong>sine&#39;mente</strong></span> <span class='ocrx_word' id='word_1_150' title='bbox 446 2525 547 2606; x_wconf 79' lang='lat' dir='ltr'><strong>gerisz.</strong></span> <span class='ocrx_word' id='word_1_151' title='bbox 562 2524 633 2585; x_wconf 90' lang='lat' dir='ltr'><strong>mihi</strong></span> <span class='ocrx_word' id='word_1_152' title='bbox 647 2544 717 2585; x_wconf 86' lang='lat' dir='ltr'><strong>cura</strong></span> <span class='ocrx_word' id='word_1_153' title='bbox 732 2522 817 2585; x_wconf 90' lang='lat' dir='ltr'><strong>luturi</strong></span> <span class='ocrx_word' id='word_1_154' title='bbox 833 2537 887 2585; x_wconf 88' lang='lat' dir='ltr'><strong>est.</strong></span> 
     </span>
     <span class='ocr_line' id='line_1_24' title="bbox 98 2618 862 2701; baseline 0.005 -24"><span class='ocrx_word' id='word_1_155' title='bbox 98 2618 148 2678; x_wconf 94' lang='lat' dir='ltr'><strong>Tu</strong></span> <span class='ocrx_word' id='word_1_156' title='bbox 164 2640 293 2699; x_wconf 90' lang='lat' dir='ltr'><strong>pugnare</strong></span> <span class='ocrx_word' id='word_1_157' title='bbox 309 2632 411 2698; x_wconf 90' lang='lat' dir='ltr'><strong>potes:</strong></span> <span class='ocrx_word' id='word_1_158' title='bbox 434 2620 583 2700; x_wconf 87' lang='lat' dir='ltr'><strong>pugnandi</strong></span> <span class='ocrx_word' id='word_1_159' title='bbox 597 2632 731 2701; x_wconf 88' lang='lat' dir='ltr'><strong>tempora</strong></span> <span class='ocrx_word' id='word_1_160' title='bbox 744 2641 862 2681; x_wconf 86' lang='lat' dir='ltr'><strong>meeum</strong></span> 
     </span>
     <span class='ocr_line' id='line_1_25' title="bbox 98 2710 1067 2794; baseline 0.007 -23"><span class='ocrx_word' id='word_1_161' title='bbox 98 2710 190 2791; x_wconf 85' lang='lat' dir='ltr'><strong>Eligit</strong></span> <span class='ocrx_word' id='word_1_162' title='bbox 204 2710 344 2770; x_wconf 86' lang='lat' dir='ltr'><strong>Atrides:</strong></span> <span class='ocrx_word' id='word_1_163' title='bbox 367 2723 400 2769; x_wconf 91' lang='lat' dir='ltr'><strong>tu</strong></span> <span class='ocrx_word' id='word_1_164' title='bbox 415 2711 527 2771; x_wconf 84' lang='lat' dir='ltr'><strong>tantlrm</strong></span> <span class='ocrx_word' id='word_1_165' title='bbox 541 2732 663 2794; x_wconf 87' lang='lat' dir='ltr'><strong>corpore</strong></span> <span class='ocrx_word' id='word_1_166' title='bbox 679 2715 803 2794; x_wconf 89' lang='lat' dir='ltr'><strong>prodes;</strong></span> <span class='ocrx_word' id='word_1_167' title='bbox 1006 2717 1067 2778; x_wconf 82' lang='lat'><strong>365</strong></span> 
     </span>
     <span class='ocr_line' id='line_1_26' title="bbox 98 2801 931 2890; baseline 0.005 -22"><span class='ocrx_word' id='word_1_168' title='bbox 98 2805 163 2868; x_wconf 89' lang='lat' dir='ltr'><strong>Nos</strong></span> <span class='ocrx_word' id='word_1_169' title='bbox 178 2807 292 2868; x_wconf 92' lang='lat' dir='ltr'><strong>animo:</strong></span> <span class='ocrx_word' id='word_1_170' title='bbox 315 2820 483 2889; x_wconf 89' lang='lat' dir='ltr'><strong>quantoque</strong></span> <span class='ocrx_word' id='word_1_171' title='bbox 498 2819 591 2867; x_wconf 88' lang='lat' dir='ltr'><strong>ratem</strong></span> <span class='ocrx_word' id='word_1_172' title='bbox 607 2808 655 2890; x_wconf 95' lang='lat' dir='ltr'><strong>qui</strong></span> <span class='ocrx_word' id='word_1_173' title='bbox 665 2801 825 2890; x_wconf 78' lang='lat' dir='ltr'><strong>temperat,</strong></span> <span class='ocrx_word' id='word_1_174' title='bbox 841 2811 931 2872; x_wconf 89' lang='lat' dir='ltr'><strong>anteit</strong></span> 
     </span>
     <span class='ocr_line' id='line_1_27' title="bbox 98 2901 833 2988; baseline 0.003 -24"><span class='ocrx_word' id='word_1_175' title='bbox 98 2901 232 2984; x_wconf 89' lang='lat' dir='ltr'><strong>Remigis</strong></span> <span class='ocrx_word' id='word_1_176' title='bbox 247 2903 394 2979; x_wconf 85' lang='lat' dir='ltr'><strong>officium3</strong></span> <span class='ocrx_word' id='word_1_177' title='bbox 417 2917 527 2986; x_wconf 84' lang='lat' dir='ltr'><strong>quanto</strong></span> <span class='ocrx_word' id='word_1_178' title='bbox 542 2903 603 2964; x_wconf 87' lang='lat' dir='ltr'><strong>dux</strong></span> <span class='ocrx_word' id='word_1_179' title='bbox 617 2903 708 2965; x_wconf 90' lang='lat' dir='ltr'><strong>milite</strong></span> <span class='ocrx_word' id='word_1_180' title='bbox 723 2904 833 2988; x_wconf 83' lang='lat' dir='ltr'><strong>major3</strong></span> 
     </span>
    </p>
   </div>
   <div class='ocr_carea' id='block_1_3' title="bbox 5 2998 925 3084">
    <p class='ocr_par' dir='ltr' id='par_1_3' title="bbox 5 2998 925 3084">
     <span class='ocr_line' id='line_1_28' title="bbox 5 2998 925 3084; baseline 0.007 -25"><span class='ocrx_word' id='word_1_181' title='bbox 5 3003 7 3008; x_wconf 86' lang='lat'>&#39;</span> <span class='ocrx_word' id='word_1_182' title='bbox 97 2998 196 3060; x_wconf 90' lang='lat' dir='ltr'><strong>Tanto</strong></span> <span class='ocrx_word' id='word_1_183' title='bbox 211 3020 267 3078; x_wconf 89' lang='lat' dir='ltr'><strong>ego</strong></span> <span class='ocrx_word' id='word_1_184' title='bbox 281 3013 310 3060; x_wconf 89' lang='lat' dir='ltr'><strong>te</strong></span> <span class='ocrx_word' id='word_1_185' title='bbox 326 3021 444 3083; x_wconf 92' lang='lat' dir='ltr'><strong>supero.</strong></span> <span class='ocrx_word' id='word_1_186' title='bbox 489 3000 556 3062; x_wconf 89' lang='lat' dir='ltr'><strong>Neo</strong></span> <span class='ocrx_word' id='word_1_187' title='bbox 572 3023 629 3063; x_wconf 92' lang='lat' dir='ltr'><strong>non</strong></span> <span class='ocrx_word' id='word_1_188' title='bbox 644 3002 673 3063; x_wconf 92' lang='lat' dir='ltr'><strong>in</strong></span> <span class='ocrx_word' id='word_1_189' title='bbox 689 3024 812 3084; x_wconf 86' lang='lat' dir='ltr'><strong>corpore</strong></span> <span class='ocrx_word' id='word_1_190' title='bbox 827 3018 925 3066; x_wconf 92' lang='lat' dir='ltr'><strong>nostro</strong></span> 
     </span>
    </p>
   </div>
   <div class='ocr_carea' id='block_1_4' title="bbox 95 3093 1068 3548">
    <p class='ocr_par' dir='ltr' id='par_1_4' title="bbox 97 3093 972 3178">
     <span class='ocr_line' id='line_1_29' title="bbox 97 3093 972 3178; baseline 0.008 -23"><span class='ocrx_word' id='word_1_191' title='bbox 97 3093 224 3156; x_wconf 87' lang='lat' dir='ltr'><strong>Pectora</strong></span> <span class='ocrx_word' id='word_1_192' title='bbox 239 3108 306 3155; x_wconf 90' lang='lat' dir='ltr'><strong>sunt</strong></span> <span class='ocrx_word' id='word_1_193' title='bbox 321 3096 433 3176; x_wconf 90' lang='lat' dir='ltr'><strong>potiora</strong></span> <span class='ocrx_word' id='word_1_194' title='bbox 447 3118 553 3158; x_wconf 88' lang='lat' dir='ltr'><strong>manu:</strong></span> <span class='ocrx_word' id='word_1_195' title='bbox 578 3100 660 3178; x_wconf 88' lang='lat' dir='ltr'><strong>vigor</strong></span> <span class='ocrx_word' id='word_1_196' title='bbox 673 3099 767 3161; x_wconf 91' lang='lat' dir='ltr'><strong>omnis</strong></span> <span class='ocrx_word' id='word_1_197' title='bbox 782 3098 811 3161; x_wconf 94' lang='lat' dir='ltr'><strong>in</strong></span> <span class='ocrx_word' id='word_1_198' title='bbox 829 3101 895 3162; x_wconf 89' lang='lat' dir='ltr'><strong>illis.</strong></span> <span class='ocrx_word' id='word_1_199' title='bbox 967 3137 972 3140; x_wconf 92' lang='lat'><em>-</em></span> 
     </span>
    </p>

    <p class='ocr_par' dir='ltr' id='par_1_5' title="bbox 95 3190 1068 3548">
     <span class='ocr_line' id='line_1_30' title="bbox 139 3190 1068 3275; baseline 0.011 -24"><span class='ocrx_word' id='word_1_200' title='bbox 139 3190 182 3251; x_wconf 89' lang='lat' dir='ltr'><strong>At</strong></span> <span class='ocrx_word' id='word_1_201' title='bbox 199 3212 260 3265; x_wconf 90' lang='lat' dir='ltr'><strong>vos,</strong></span> <span class='ocrx_word' id='word_1_202' title='bbox 275 3212 294 3251; x_wconf 92' lang='lat' dir='ltr'><strong>o</strong></span> <span class='ocrx_word' id='word_1_203' title='bbox 309 3211 455 3271; x_wconf 85' lang='lat' dir='ltr'><strong>proceres,</strong></span> <span class='ocrx_word' id='word_1_204' title='bbox 471 3193 549 3272; x_wconf 88' lang='lat' dir='ltr'><strong>vigili</strong></span> <span class='ocrx_word' id='word_1_205' title='bbox 565 3195 632 3253; x_wconf 88' lang='lat' dir='ltr'><strong>date</strong></span> <span class='ocrx_word' id='word_1_206' title='bbox 647 3196 765 3275; x_wconf 75' lang='lat' dir='ltr'><strong>praemia</strong></span> <span class='ocrx_word' id='word_1_207' title='bbox 780 3211 895 3271; x_wconf 90' lang='lat' dir='ltr'><strong>vestro;</strong></span> <span class='ocrx_word' id='word_1_208' title='bbox 1005 3200 1068 3261; x_wconf 75' lang='lat'><strong>370</strong></span> 
     </span>
     <span class='ocr_line' id='line_1_31' title="bbox 95 3284 1005 3373; baseline 0.008 -25"><span class='ocrx_word' id='word_1_209' title='bbox 95 3286 216 3369; x_wconf 87' lang='lat' dir='ltr'><strong>Proque</strong></span> <span class='ocrx_word' id='word_1_210' title='bbox 231 3300 275 3348; x_wconf 92' lang='lat' dir='ltr'><strong>tot</strong></span> <span class='ocrx_word' id='word_1_211' title='bbox 290 3307 432 3348; x_wconf 90' lang='lat' dir='ltr'><strong>annorum</strong></span> <span class='ocrx_word' id='word_1_212' title='bbox 447 3287 528 3362; x_wconf 70' lang='lat' dir='ltr'><strong>curi,</strong></span> <span class='ocrx_word' id='word_1_213' title='bbox 544 3309 617 3369; x_wconf 90' lang='lat' dir='ltr'><strong>quos</strong></span> <span class='ocrx_word' id='word_1_214' title='bbox 633 3292 737 3352; x_wconf 85' lang='lat' dir='ltr'><strong>anxius</strong></span> <span class='ocrx_word' id='word_1_215' title='bbox 752 3292 810 3373; x_wconf 89' lang='lat' dir='ltr'><strong>egi,</strong></span> <span class='ocrx_word' id='word_1_216' title='bbox 995 3284 1005 3298; x_wconf 54' lang='lat'><strong><em>⁴</em></strong></span> 
     </span>
     <span class='ocr_line' id='line_1_32' title="bbox 95 3380 965 3472; baseline 0.011 -30"><span class='ocrx_word' id='word_1_217' title='bbox 95 3380 187 3445; x_wconf 86' lang='lat' dir='ltr'><strong>Hune</strong></span> <span class='ocrx_word' id='word_1_218' title='bbox 202 3385 317 3446; x_wconf 91' lang='lat' dir='ltr'><strong>titulum</strong></span> <span class='ocrx_word' id='word_1_219' title='bbox 331 3383 441 3472; x_wconf 88' lang='lat' dir='ltr'><strong>meritis</strong></span> <span class='ocrx_word' id='word_1_220' title='bbox 456 3385 638 3465; x_wconf 88' lang='lat' dir='ltr'><strong>pensandum</strong></span> <span class='ocrx_word' id='word_1_221' title='bbox 652 3388 765 3449; x_wconf 91' lang='lat' dir='ltr'><strong>reddite</strong></span> <span class='ocrx_word' id='word_1_222' title='bbox 780 3389 894 3452; x_wconf 84' lang='lat' dir='ltr'><strong>nostris.</strong></span> <span class='ocrx_word' id='word_1_223' title='bbox 963 3469 965 3472; x_wconf 13' lang='grc' dir='ltr'><strong><em>ι</em></strong></span> 
     </span>
     <span class='ocr_line' id='line_1_33' title="bbox 95 3476 836 3548; baseline 0.015 -11"><span class='ocrx_word' id='word_1_224' title='bbox 95 3476 164 3538; x_wconf 84' lang='lat' dir='ltr'><strong>Jarn</strong></span> <span class='ocrx_word' id='word_1_225' title='bbox 178 3480 259 3542; x_wconf 91' lang='lat' dir='ltr'><strong>labor</strong></span> <span class='ocrx_word' id='word_1_226' title='bbox 273 3481 301 3544; x_wconf 94' lang='lat' dir='ltr'><strong>in</strong></span> <span class='ocrx_word' id='word_1_227' title='bbox 316 3482 374 3542; x_wconf 86' lang='lat' dir='ltr'><strong>fine</strong></span> <span class='ocrx_word' id='word_1_228' title='bbox 390 3494 452 3543; x_wconf 89' lang='lat' dir='ltr'><strong>est:</strong></span> <span class='ocrx_word' id='word_1_229' title='bbox 476 3481 621 3544; x_wconf 88' lang='lat' dir='ltr'><strong>obstantia</strong></span> <span class='ocrx_word' id='word_1_230' title='bbox 635 3483 693 3546; x_wconf 85' lang='lat' dir='ltr'><strong>fata</strong></span> <span class='ocrx_word' id='word_1_231' title='bbox 707 3486 836 3548; x_wconf 90' lang='lat' dir='ltr'><strong>removi:</strong></span> 
     </span>
    </p>
   </div>
   <div class='ocr_carea' id='block_1_5' title="bbox 0 0 1178 4102">
    <p class='ocr_par' dir='ltr' id='par_1_6' title="bbox 0 0 1178 4102">
     <span class='ocr_line' id='line_1_34' title="bbox 0 0 1178 4102; baseline 0 3"><span class='ocrx_word' id='word_1_232' title='bbox 0 0 1178 4102; x_wconf 95' lang='lat' dir='ltr'><strong> </strong></span> 
     </span>
    </p>
   </div>
  </div>
 </body>
</html>
