2348 4102
107 338 172 400 150
422 294 770 391 METAthRPHOSEON

105 490 147 554 Et
163 489 346 553 Diomedeos
360 489 473 552 AEnaas
487 488 602 570 fingent
617 507 713 551 ennea.

103 586 228 650 Talibus
243 587 320 648 hanc
336 586 466 667 genitor:
491 585 580 646 ‘Sola
594 581 793 665 insuperabile
807 580 913 658 laban,
1018 585 1083 650 260

104 681 194 759 Nata,
209 703 329 747 movere
344 684 452 765 paras?
473 682 563 744 intres
577 679 648 742 lic'et
663 680 727 761 ipsa
741 677 882 741 Sororum

36 852 43 860 ,
103 777 202 842 Tecta
217 781 315 855 trium,
330 801 434 842 cemes
449 778 509 841 illie
522 777 673 840 molimine
689 789 774 837 vasto

104 874 156 938 Ex
172 897 239 953 aere,
254 889 284 937 et
298 876 392 938 solido
405 897 503 938 rerum
518 873 659 937 tabularia
673 871 766 934 feno:

104 971 183 1045 Qua
199 993 296 1055 neque
311 993 487 1034 conuulsum
501 971 580 1046 ooeli,
595 989 693 1052 neque
708 967 838 1030 fulminis
851 967 938 1044 iram,

104 1066 172 1130 Nec
186 1080 323 1129 metuunt
336 1068 410 1129 ullas
425 1081 488 1129 tuta
503 1081 592 1150 atque
607 1079 715 1127 aterna
729 1066 839 1127 nainaa.
1020 1067 1083 1129 265

102 1162 243 1225 Invenies
257 1163 316 1226 illic
331 1165 421 1226 incisa
437 1164 599 1225 adamante'
608 1161 732 1244 perenni

103 1255 180 1321 Fata
194 1260 236 1320 tui
251 1261 385 1339 generis:
407 1260 466 1340 legi
480 1260 557 1341 ipse,
570 1260 728 1341 animoque
742 1257 855 1333 notavi,

102 1352 145 1416 Et
159 1353 300 1416 referam:
324 1376 361 1416 ne
376 1355 416 1416 sia
428 1354 589 1418 etiamnum
604 1354 704 1435 ignata
721 1352 821 1415 loturi.

48 1467 63 1530 j
102 1447 163 1513 Hic
177 1472 230 1512 sua
244 1450 406 1533 complevit
424 1450 493 1535 (pro
509 1471 578 1534 quo,
594 1450 759 1532 Cytherea,
773 1448 906 1532 laboras)
996 1475 1001 1482 ·

102 1544 266 1630 Tempora,
281 1546 432 1630 perfectis,
446 1568 519 1630 quos
533 1561 616 1610 tenae
632 1547 743 1624 debuit,
753 1547 851 1608 annis.
1017 1549 1083 1610 ΞΝ

101 1640 147 1705 Ut
161 1644 235 1704 deus
250 1645 372 1706 accedat
386 1644 475 1718 coelo,
492 1643 669 1726 templisque
683 1643 807 1721 column,
919 1639 922 1642 ’

101 1734 153 1800 'lh
168 1737 269 1816 facim,
284 1753 430 1821 natusque
445 1761 525 1815 suus,
541 1740 591 1822 qui
605 1739 731 1800 nomhnis
747 1739 851 1815 hares,

28 1871 33 1879 ·
102 1831 279 1918 Impositum
295 1834 368 1897 feret
383 1834 473 1897 Urbis
487 1856 574 1912 onus,
587 1835 714 1917 canique
730 1837 862 1918 parentis

102 1928 167 1993 Nos
181 1932 210 1993 in
225 1932 304 1994 bella
317 1954 386 1994 suos
400 1931 573 1995 lenissimus
585 1931 663 1993 ultor
676 1930 808 1994 habebit.

100 2025 183 2090 Illius
197 2029 336 2110 auspiciis
348 2029 474 2092 obsessa
491 2029 603 2091 moenia
617 2048 723 2110 pacem
1015 2031 1085 2092 275

101 2121 193 2186 Victa
208 2138 312 2206 petent
327 2123 468 2186 Mutina-z
491 2124 644 2186 Phamalia
658 2124 765 2195 sentiet
780 2123 873 2199 illum,

100 2216 315 2301 Emathiique
328 2219 434 2280 iterum
447 2217 602 2286 nmdefacti
618 2219 699 2280 caede
714 2218 865 2302 Philippi:

102 2311 144 2375 Et
159 2311 306 2394 Magnum
321 2314 428 2376 Siculis
443 2310 751 2397 nomenmpembitur
758 2317 863 2378 undis:

101 2407 294 2494 Romanique
308 2410 391 2474 ducis
405 2410 517 2496 conjux
531 2411 688 2495 AEgyptia,
701 2412 785 2475 taedae
1069 2441 1072 2455 ⁴

100 2504 172 2568 Non
186 2500 262 2569 bene
277 2507 339 2585 fase,
354 2508 460 2570 cadet:
482 2507 646 2591 hosti-ique
661 2510 716 2571 erit
728 2508 779 2570 illa
792 2509 913 2584 minata,
1015 2509 1082 2572 280

100 2601 254 2665 Servitnra
267 2625 321 2665 suo
335 2603 484 2685 Capitolia
500 2618 598 2666 nostra
613 2604 763 2687 Canopos
980 2637 989 2646 -

99 2695 185 2770 Quid
201 2699 252 2760 tibi
267 2695 458 2775 Barban'em,
467 2714 571 2780 gentes
585 2702 624 2762 ab
636 2716 761 2784 utroque
771 2702 908 2786 jacentoe

25 2809 33 2816 ·
99 2793 235 2871 Oceano,
250 2798 427 2860 numerem?
470 2795 682 2880 Quodcunque
697 2799 855 2862 habitabile
871 2799 964 2863 tellus·

18 2905 23 2911 ‘
99 2889 240 2969 Sustinet,
256 2893 343 2977 hujus
358 2890 429 2957 etit:
453 2908 561 2977 pontus
577 2916 695 2979 quoque
710 2898 818 2960 serviet
832 2898 884 2960 illi.

98 2986 180 3055 Pace
197 2989 265 3050 daut
279 2991 372 3067 terris,
387 2992 518 3058 animum
533 2992 571 3054 ad
584 2982 681 3055 civilia
703 3007 798 3056 vertet
1013 2993 1081 3056 285

97 3081 171 3144 Jura
185 3105 282 3161 snum,
297 3086 438 3170 legesque
453 3087 527 3150 seret
537 3089 715 3173 justissimus
727 3103 846 3153 auctor:

98 3176 310 3264 Exemploque
324 3203 378 3244 suo
392 3205 489 3246 mores
503 3199 602 3266 reget:
625 3186 715 3268 inque
731 3185 818 3249 littori
840 3225 845 3231 -
889 3230 893 3237 «
974 3235 978 3255 ,

97 3273 256 3359 Temporis
271 3292 398 3358 atatem,
414 3295 662 3365 venturommqne
676 3297 834 3367 nepotum,

62 3393 74 3409 ’
96 3371 295 3456 Prospiciens‚
311 3378 425 3461 prolem
440 3378 543 3440 sancti
557 3377 595 3440 de
609 3379 737 3465 conjuge
751 3395 852 3444 natam

96 3466 189 3533 Ferre
205 3473 291 3535 simul
305 3495 474 3560 nomenque
489 3496 576 3538 sumn
589 3498 734 3562 cunasque
745 3478 872 3564 jubebit.
968 3510 971 3517 J
1012 3480 1080 3543 290
